1492 2896
652 256 705 300 53

128 391 132 395 ’
172 390 239 434 ’ΝΕ
262 396 412 450 *autem
452 390 551 446 quid
585 389 737 434 honori
776 387 849 434 tuo
883 391 1011 442 desit,
1043 406 1064 434 e
1090 390 1226 436 Sena*

121 473 188 511 tus
230 467 398 511 decreto
444 466 633 523 adjiciam
677 466 804 527 ritus,
853 467 1001 523 quibus
1040 467 1224 523 Maiores

119 543 264 606 nostri
281 543 393 589 hunc
422 551 560 587 actum
598 543 823 588 solemnem
855 543 1052 603 explicari
1082 541 1227 602 volue-

116 627 227 664 runt.
801 678 803 681 .
1139 615 1142 617 ’

175 696 272 741 Jam
305 696 389 759 'tibi
439 696 627 757 accessit¹
655 697 817 756 honos,
863 704 910 740 ut
947 696 991 740 in
1038 681 1225 759 oninium

121 772 391 832 conspectum
413 780 579 831 togatus
603 766 774 834 prodire
799 774 960 832 possis:
993 767 1100 830 quae
1126 788 1227 817 vero

120 856 206 894 tam
234 849 466 894 honorifica
494 850 572 893 tibi
605 857 690 900 est,
734 848 875 894 eadem
903 857 1002 908 toga
1038 856 1077 894 te
1108 850 1227 894 simul

123 926 320 970 admonet
352 927 625 988 sacramenti,
656 940 741 983 quo
778 940 888 969 nunc
907 919 1084 984 *togatae
1117 921 1230 968 mili-'

119 1002 201 1048 tiae
235 1010 276 1047 te
309 1003 594 1055 obstrinxisti,
624 1011 669 1046 ut
701 1003 831 1059 togati
867 1001 1007 1045 militis
1039 1014 1229 1054 munere,

118 1079 235 1137 quod
271 1078 313 1122 in
352 1074 500 1123 civium
532 1079 639 1130 vita,
659 1079 861 1130 fortuna,
895 1078 1005 1137 fama
1030 1077 1231 1140 omnique

122 1154 341 1221 securitate
378 1154 506 1199 armis
539 1155 677 1212 legum
717 1136 978 1216 defendenda
1016 1160 1230 1220 versatur,

119 1245 196 1290 per
223 1231 363 1276 omnia
391 1239 503 1276 recte
533 1239 573 1276 et
605 1238 771 1296 strenue
801 1213 1003 1288 fungaris.
1048 1282 1049 1285 Ἰ

180 1293 380 1353 Codicem
407 1309 543 1366 legum
572 1315 760 1371 apertum
789 1307 865 1350 tibi
895 1304 1085 1350 exhibeo.
1144 1306 1233 1349 Nec

122 1385 230 1430 enim
260 1386 486 1430 secundum
511 1384 796 1442 imaginariam
831 1365 1011 1439 aliquam
1042 1382 1234 1443 aequita-

121 1470 206 1508 tem
244 1462 392 1506 civium
433 1462 524 1518 jura
565 1460 797 1505 definienda
837 1466 945 1503 sunt.
1034 1456 1147 1515 Quid
1188 1457 1233 1501 in

123 1539 259 1584 causis
304 1539 483 1598 publicis
527 1538 784 1597 privatisque
833 1536 1017 1592 iussum,
1065 1533 1233 1578 vetitum

121 1616 423 1676 'permissumve
460 1616 521 1662 ,sit
571 1630 619 1659 ex
665 1615 851 1672 legibus,
911 1606 1016 1669 quae
1067 1610 1233 1667 vigent,

121 1692 334 1737 declarare
362 1692 513 1736 sctum
539 1698 717 1751 oportet.
776 1689 851 1734 His
879 1689 1004 1747 igitur
1027 1694 1235 1746 perpetuo

121 1769 446 1822 inhaerendum,
475 1768 589 1812 hisce
623 1766 809 1825 legendis
848 1773 889 1810 et
924 1762 1233 1824 perpendendis

121 1845 332 1890 indefesso
361 1846 508 1889 labore
538 1843 822 1888 desudandum
856 1848 931 1885 est.
1043 1899 1047 1903 ῃ

180 1921 266 1966 Sed
293 1937 416 1979 quem
444 1921 574 1964 modo
598 1920 676 1964 tibi
704 1926 893 1977 apertum
919 1915 1097 1967 tradidi,
1131 1927 1234 1958 eun-

122 1998 217 2042 dem
247 1997 398 2041 librum
423 2001 534 2040 nunc
559 2003 653 2040 ante
680 1995 825 2038 oculos
852 2000 948 2036 tuos
976 1983 1097 2050 ponor
1118 1991 1236 2034 clau-

123 2076 227 2119 sum.
286 2073 464 2118 Codices
493 2073 648 2130 Legum
683 2085 769 2116 non
802 2056 967 2126 semper
1000 2068 1055 2111 ad
1089 2080 1237 2110 manus

125 2154 244 2207 sunt3
293 2165 427 2207 neque
458 2151 568 2206 leges
594 2150 652 2192 ita
684 2147 813 2192 scribi
841 2146 1042 2210 possunt,
1071 2150 1116 2186 ut
1140 2156 1237 2186 om-

125 2241 200 2271 nes
227 2227 327 2271 facti
355 2227 540 2286 species,
571 2241 677 2283 quae
709 2222 963 2281 quandoque
992 2218 1236 2270 inciderint,

126 2297 622 2363 iisr'comprehendan'tur.
694 2302 840 2358 ltaque
867 2299 950 2342 hoc
981 2297 1064 2341 ritu
1092 2295 1237 2341 volue-
