1492 2896
339 295 389 334 ³8
586 291 672 337 ΡΗ.
706 284 757 336 G.
792 305 892 336 vAN
927 291 1189 348 HEUSDE,

334 435 466 479 stare,
513 426 788 484 doctrinaque
812 435 868 479 ,et
901 427 1148 472 Academias
1187 435 1224 472 ct
1259 431 1436 488 patr-im

333 517 506 553 ornare,
551 516 637 547 non
671 511 859 562 possunt.
924 503 976 547 Et
1026 505 1130 548 haec
1172 506 1438 562 quidem-de

329 581 514 639 pristinis
571 580 820 624 Academiae
875 588 1042 624 nostrae
1082 582 1286 627 aetatibus
1325 583 1439 629 dicta

328 665 466 704 sunto.
525 657 591 701 De
626 656 886 715 temporibus
915 657 1029 701 hisce
1057 658 1212 703 nostris
1240 671 1326 704 non
1348 667 1436 711 est,

329 734 442 791 quod
484 749 560 791 ego
604 734 754 778 dicam.
816 733 932 790 Quid
975 749 1223 791 sequamur,
1279 746 1435 782 norunt

323 829 495 868 omnes;
540 813 573 856 si
612 813 712 870 quid
751 826 1043 868 assequamur,
1086 811 1246 869 posteri
1271 812 1437 869 judica-

326 891 440 934 hunt.
503 890 588 940 Sed
620 890 748 934 simus
776 887 958 946 ingrati,
1007 887 1256 942 Auditores‚
1296 889 1332 934 si
1356 890 1436 936 he·-

322 968 466 1013 neficia
485 1000 495 1019 ,
529 967 680 1024 quibus
711 980 818 1016 nos,
850 966 928 1009 hac
959 964 1184 1009 novissima
1215 966 1259 1009 in
1287 966 1435 1025 primis

322 1053 454 1090 aetate
477 1077 487 1095 ‚
547 1044 683 1087 divina
735 1043 999 1101 providentia
1049 1042 1222 1096 beavit,
1271 1044 1434 1088 silentio

319 1121 769 1179 praetermitteremus:
828 1133 904 1163 nec
957 1118 1194 1164 reticendae
1238 1121 1432 1179 profecto

319 1198 420 1243 mihi
450 1196 784 1256 opportunitates
807 1195 1037 1240 studiorum
1060 1203 1180 1247 sunt,
1216 1211 1324 1254 quae
1346 1209 1430 1242 no·-

317 1276 381 1319 bis
408 1274 676 1325 exstiterunt,
707 1274 899 1332 patribus
926 1273 1078 1317 nostris
1110 1273 1342 1319 defuerunt.

371 1352 586 1397 Exstincta
616 1350 924 1410 propemodum
952 1349 1017 1394 bis
1049 1351 1278 1396 Academia
1306 1353 1428 1398 Rhe-

314 1428 589 1486 notrajectina
635 1435 724 1472 est:
784 1427 991 1486 primum,
1048 1428 1216 1472 Graevii
1261 1437 1425 1486 aetate,

314 1522 440 1563 quum
468 1505 704 1550 Ludovicus
730 1504 796 1547 ille
814 1536 825 1555 ,
858 1503 1065 1548 Franciae
1093 1504 1313 1559 dominus,
1343 1521 1425 1551 una

303 1593 403 1628 'curu
434 1583 547 1627 omni
572 1581 743 1640 Belgio,
784 1581 893 1624 hanc
935 1581 1032 1624 item
1075 1588 1115 1625 et
1140 1581 1345 1627 civitatem
1383 1591 1423 1628 et

308 1662 578 1707 Academiam
609 1674 707 1704 suae
741 1657 946 1715 subjicere
970 1658 1207 1702 auctoritati
1241 1673 1421 1704 conare·-

308 1748 397 1783 1ur:
430 1747 517 1782 tum
547 1750 649 1781 vero
677 1736 850 1787 iterum,
883 1733 998 1791 quod
1034 1749 1136 1786 nos,
1166 1735 1297 1780 eheu!
1329 1752 1430 1781 me-·

309 1815 522 1864 minimus,
555 1820 724 1858 auctore
750 1811 1006 1870 Napoleone.
1049 1812 1287 1857 Ludovicus
1321 1814 1418 1870 qui-

306 1893 425 1943 dem,
470 1899 516 1935 ut
551 1891 691 1934 subito
723 1903 801 1932 nos
826 1903 1046 1946 aggressus
1075 1889 1209 1933 fuerat
1228 1922 1240 1942 ,
1283 1891 1340 1934 ita
1371 1907 1416 1937 se

303 1969 443 2011 subito
466 1968 564 2011 hinc
593 1965 770 2026 recepit:
802 1966 875 2009 sed
905 1966 1150 2023 Napoleou‚
1182 1969 1413 2012 communis

301 2046 365 2089 ine
397 2045 611 2098 universae
642 2043 770 2087 ferme
799 2043 995 2102 Europae
1032 2050 1255 2101 tyrannus,
1298 2047 1412 2102 quod

301 2120 440 2166 animo
471 2127 740 2180 conceperat,
772 2120 815 2163 id
831 2133 876 2164 re
891 2120 1091 2179 pertecit,
1123 2120 1310 2177 adjunxit
1334 2122 1411 2167 has

300 2208 432 2244 terras
459 2206 624 2243 nostras
647 2197 851 2241 immenso
874 2196 931 2239 ini
960 2196 1139 2255 imperio
1161 2211 1252 2241 suo.
1287 2198 1412 2244 Tris..

301 2278 356 2321 tia
402 2276 525 2319 nobis
560 2289 659 2319 sane
697 2282 888 2333 tempora
923 2274 991 2317 illa
1021 2276 1214 2326 fuerunt,
1257 2283 1302 2319 ut
1327 2291 1412 2336 pa.

296 2354 421 2407 triae,
463 2354 519 2396 ita
562 2350 798 2396 Academiis
824 2351 976 2393 nostris
1009 2351 1092 2394 fere
1124 2352 1278 2397 satalia.
1343 2354 1408 2398 Ad
