1492 2896
476 247 865 294 ORATIO.
1168 251 1222 299 15

105 387 185 431 bus
222 387 364 430 eadem
420 403 513 432 vere
554 390 729 449 insculpi
778 391 943 450 possint
991 393 1221 448 vocabula,

106 478 212 520 quae
255 464 366 522 apud
400 463 558 510 inferos
595 466 705 511 sedis
737 467 1043 514 Damnatorum
1083 471 1222 529 posti-

91 539 445 600 ·hus.2;·insculpsit
486 542 525 586 D
543 558 566 586 a
583 557 611 586 n
630 551 646 587 t
662 559 683 588 e
701 576 713 597 ,

123 619 343 665 „Mittite
377 636 551 663 omnem
583 638 709 678 spem
739 640 841 676 vos,
872 626 952 681 qui
984 622 1188 668 intratis.

160 693 250 739 Hac·
276 694 511 741 miserrima
536 712 677 751 rerum
705 699 944 745 conditione
962 709 1219 753 commotum

102 772 417 822 celeberrimum
449 773 678 834 Collegium
708 777 944 833 Medicum,
976 779 1219 836 quod.Am-

100 849 320 894 stelodami
351 858 443 901 est,
474 859 569 898 ante
594 853 754 911 aliquot
767 869 908 900 -annos
934 857 1219 914 quaestionem

98 927 354 986 proposuit,
387 936 512 987 atque
542 930 693 977 deinde
715 934 1060 992 responsionem,
1091 950 1218 992 quam

98 1012 319 1063 acceperat
347 1021 371 1049 a
386 1006 489 1051 Viro
513 1007 772 1054 Doctissimo
791 1010 1034 1055 Guislain
1049 1045 1061 1066 ,
1087 1027 1219 1072 prae·-

95 1079 182 1133 mio
217 1089 410 1126 ornatam
438 1083 482 1127 in
513 1085 647 1130 lucem
675 1087 829 1142 edidit,
861 1104 969 1145 quae
987 1089 1218 1135 Com-men—

92 1157 199 1201 tatio
223 1158 389 1203 Gallico
424 1174 619 1207 sermone
654 1165 920 1224 conscripta,
961 1180 1093 1224 eaque
1120 1165 1232 1227 pri--v

93 1248 188 1288 ma,
229 1251 337 1292 quae
383 1236 463 1282 hac
498 1239 549 1283 de
586 1255 632 1285 re
666 1241 710 1284 in
743 1242 885 1287 Patria
920 1251 1066 1289 nostra
1104 1245 1216 1289 edita

94 1299 183 1366 est,
211 1328 467 1371 quamquam
492 1317 616 1375 plura
643 1318 758 1364 hona
788 1327 916 1378 atque
943 1321 1059 1365 utilia
1084 1336 1216 1382 prae-

91 1397 212 1449 cepta
240 1391 426 1441 continet
441 1425 454 1447 ,
487 1401 630 1440 tamen
653 1410 806 1455 parum
833 1398 993 1457 profuit
1011 1399 1140 1458 (13);
1158 1424 1214 1434 --

89 1466 393 1513 Nosocomium
420 1471 554 1526 enim,
586 1474 702 1530 quod
729 1476 953 1534 proposuit
982 1476 1057 1521 Vir
1088 1476 1212 1522 Doc-

88 1544 298 1602 tissimus,
339 1549 478 1595 minus
514 1558 658 1611 aptum
691 1561 754 1599 est
790 1563 968 1615 propter
1008 1558 1211 1618 amplitu—

89 1621 227 1667 dinem
265 1625 444 1671 aedificii
472 1635 512 1672 et
539 1643 756 1676 numerum
787 1641 1052 1692 aegrotorum
1070 1668 1082 1689 ,
1113 1652 1209 1681 ma·
1265 1624 1267 1627 ¹

86 1698 282 1758 joresque
312 1703 583 1760 requiruntur
622 1715 812 1763 sumtus,
845 1726 971 1767 quam
997 1719 1043 1756 ut
1074 1713 1208 1757 extrui

84 1777 285 1833 potuerit.

142 1852 287 1911 Quare
318 1871 584 1917 summopere
616 1861 802 1918 gaudeo,
842 1863 887 1907 id
922 1865 1025 1910 mihi
1065 1868 1208 1912 conti-

86 1928 220 1987 gisse,
266 1934 381 1988 quod
413 1935 483 1980 diu
516 1935 559 1980 in
603 1938 709 1992 votis
754 1939 1018 1998 habueram,
1072 1952 1121 1990 ut
1163 1945 1207 1990 in

87 2006 229 2051 Patria
280 2010 403 2054 etiam
448 2020 592 2058 nostra
643 2016 942 2063 Nosocomium
990 2021 1201 2078 viderem,
1268 2036 1272 2039 ’

86 2084 202 2141 quod
230 2086 284 2129 ad
316 2089 529 2134 sanandos
557 2099 696 2137 mente
733 2102 928 2153 aegrotos
954 2105 1098 2157 aptum
1132 2115 1203 2144 es-

84 2168 172 2216 set,
201 2169 325 2220 atque
355 2179 447 2209 cum
478 2166 554 2221 iis,
587 2184 694 2225 quae
735 2172 849 2231 apud
887 2181 1050 2220 exteros
1081 2184 1201 2232 sunt,

85 2241 323 2298 comparari
359 2251 516 2300 posset.
580 2246 629 2289 In
672 2256 817 2293 nostra
851 2251 972 2297 Urbe
1017 2255 1198 2313 primum

84 2313 129 2358 id
163 2325 446 2364 constructum
478 2329 564 2375 est,
597 2325 659 2368 vel
688 2327 829 2384 potius
855 2330 1060 2388 pessimus
1084 2335 1198 2377 Car-
