1492 2896
264 250 334 276 122
656 232 976 284 DISQUISITIO

260 357 338 396 gem
363 346 407 383 de
431 342 717 392 provocatione,
747 342 895 380 unicum
919 341 1140 391 praesidium
1163 340 1366 389 libertatis,

259 413 504 456 Decemvirali
533 419 718 460 potestate
745 421 934 458 eversam,
961 422 1036 450 non
1061 412 1261 450 restituunt
1285 423 1367 452 mo-

259 487 336 532 do,
375 484 440 522 sed
480 481 587 521 etiam
627 483 665 519 in
704 490 895 530 posterum
935 481 1131 529 muniunt,
1168 481 1363 523 sanciendo

259 566 393 593 novam
430 554 572 602 legem:
631 552 695 590 Ne
726 554 808 602 quis
842 550 958 588 ullum
996 552 1260 600 magistratum
1289 552 1367 590 sina

257 626 514 677 provocatt‘one
538 631 714 670 crearct‚·
745 622 811 671 qui
834 629 991 658 creasset
1007 647 1020 667 ‚
1051 632 1130 657 eum
1149 620 1214 672 jusi
1227 620 1367 670 fasque

260 704 348 733 esset
376 693 516 733 occidi’'
544 692 629 742 (ι).
693 691 794 730 Tum
823 702 912 729 vero
944 689 1050 728 etiam
1076 690 1176 728 nulla
1204 690 1369 738 promul·

262 764 413 814 gabatur
435 764 473 801 in
495 763 643 800 civitate
670 763 727 799 lex
742 790 755 808 ,
779 760 849 799 nisi
872 772 979 808 quam
1005 767 1108 797 antea
1128 758 1167 797 in
1192 757 1370 797 Comitiis

263 836 371 872 latam
396 833 593 881 probasset
615 833 781 880 populus
803 841 1012 878 novamque
1038 829 1140 867 velut
1160 828 1341 867 dominam
1356 853 1371 876 ,

262 903 322 941 cui
345 910 481 950 sponte
505 901 634 939 deinde
655 913 722 939 sua
746 901 931 949 pariturus
954 908 1074 947 esset,
1103 898 1332 948 agnovisset.

312 973 414 1010 Haec
456 973 605 1021 longius
655 971 871 1018 exponenda
907 969 1152 1017 videbantur,
1193 977 1235 1009 ut
1272 977 1372 1007 recte

263 1041 656 1086 animadverteremus,
694 1040 885 1087 quomodo
923 1040 1058 1077 sensim
1091 1041 1136 1078 ad
1163 1039 1368 1077 libertatem

265 1119 302 1149 et
322 1113 573 1158 aequalitatem
601 1112 851 1159 processerint
876 1109 1059 1155 Romani,
1079 1120 1232 1156 eamque
1255 1109 1369 1146 semel

266 1191 404 1230 partam
433 1182 604 1228 deinceps
630 1181 795 1218 colendis
821 1179 965 1228 legibus
995 1178 1066 1216 sibi
1089 1177 1369 1216 vindicaverint.

267 1252 466 1291 Cernimus
490 1261 609 1288 autem
635 1251 719 1287 inde
744 1260 871 1287 omnes
895 1249 983 1286 istas
1008 1247 1144 1286 civium
1171 1246 1372 1286 discordias

267 1334 342 1360 non
369 1334 413 1359 eo
441 1321 622 1367 valuisse,
663 1328 703 1357 ut
730 1318 893 1356 interiret
920 1317 1093 1365 paulatim
1120 1316 1276 1364 civitas,
1308 1317 1374 1354 sed

269 1392 395 1441 potius
424 1401 463 1428 ut
489 1390 626 1428 civium
651 1389 867 1436 aequalitate
890 1388 1042 1437 vigeret.
1083 1387 1186 1425 Patet
1210 1386 1250 1424 idv
1271 1397 1375 1435 prae·

269 1461 392 1500 sertim
418 1472 461 1498 ex
487 1460 593 1497 bellis
615 1459 716 1496 hisce
743 1457 971 1506 temporibus
1003 1456 1131 1503 gestis.
1181 1456 1373 1495 Continuo

271 1532 379 1568 hoste
410 1530 598 1571 minante,
639 1541 735 1566 arma
766 1528 1010 1565 communiter
1035 1526 1286 1574 suscipiebant
1311 1537 1376 1574 pa·-

271 1600 453 1647 triamque
487 1599 640 1636 honeste
671 1611 710 1636 ac
746 1597 893 1635 fortiter
926 1596 1183 1634 defendebant.
1245 1597 1373 1634 Parum

271 1669 449 1707 referebat
469 1669 695 1707 Patriciusne
719 1668 802 1715 quis
826 1679 871 1704 an
896 1667 1064 1716 Plebejus
1087 1675 1209 1714 essetg.
1233 1665 1374 1713 patria,

270 1738 476 1777 communis
504 1739 667 1776 omnium
700 1739 873 1784 libertas,
911 1736 947 1773 in
973 1736 1183 1774 discrimine
1210 1733 1377 1773 versaba-

273 1819 356 1854 tur,
382 1821 491 1848 causa
512 1809 663 1846 omnino
683 1809 858 1855 agebatur
881 1807 1043 1845 universi
1063 1805 1208 1854 populi,
1248 1805 1377 1852 ltaque

272 1882 308 1918 id
346 1880 620 1917 controversiae
660 1881 749 1917 istae
784 1878 924 1916 tandem
955 1875 1180 1921 effecerunt,
1211 1883 1250 1912 ut
1280 1871 1376 1922 juris

275 1950 451 1997 quaedam
491 1949 527 1985 in
571 1949 757 1997 republica
796 1947 991 1985 haberetur
1031 1943 1296 1993 aequabilitas,
1334 1949 1376 1981 ut

273 2030 358 2057 vere
383 2026 479 2056 esset
505 2029 562 2055 res
587 2017 733 2065 publica
743 2030 759 2064 ,·
785 2027 862 2063 quo
889 2014 999 2052 semei
1025 2013 1121 2051 facto
1147 2011 1298 2050 mirifice
1321 2011 1376 2048 in-

275 2089 482 2133 valescere,
517 2087 676 2131 florere,
713 2086 836 2132 vigere
870 2085 1036 2122 Romana
1076 2081 1204 2120 civitas
1231 2079 1372 2129 coepit.

275 2157 460 2203 Accedit,
492 2157 592 2203 quod
616 2155 850 2203 temporibus
880 2154 950 2190 illis
980 2153 1230 2190 Romanorum
1258 2159 1377 2187 mores

275 2240 358 2269 nou
375 2228 424 2265 ita
447 2235 547 2265 erant
571 2225 780 2273 depravati,
809 2231 849 2261 ut
872 2224 907 2260 in
929 2233 1037 2261 onme
1061 2219 1234 2259 vitiorum
1260 2227 1383 2265 genus

317 2348 363 2386 (ι)
387 2345 461 2376 mv.
482 2345 572 2375 Hm.
594 2342 672 2375 ω).
695 2342 763 2374 m.
785 2353 812 2372 ο.
836 2341 887 2372 55.
1325 2298 1362 2325 ος
