1492 2896
249 229 313 263 163
661 222 936 263 EPJLOGUS,

244 346 326 372 cum
353 334 515 380 antiquis
539 332 726 370 dicamus:
769 332 917 378 „Mens
941 341 976 369 et
1000 331 1144 370 animus
1167 341 1203 370 et
1225 333 1350 372 consi-

245 406 332 441 lium
362 412 397 440 et
423 403 603 440 sententia
624 402 783 439 civitatis
807 404 929 450 posita
952 411 1009 439 cst
1030 402 1066 439 in
1088 402 1246 451 legibus.
1292 404 1350 443 Ut

244 485 399 521 corpora
436 481 562 509 nostra
595 471 676 509 sine
710 479 852 508 mente:
887 471 940 508 sic
970 470 1099 508 civitas
1132 471 1210 510 sine
1245 473 1348 520 lege,

245 544 324 581 =suis
353 542 547 591 partibus,
580 551 620 578 ut
648 541 771 578 nervis
807 552 848 577 ac
876 540 1056 589 sanguine
1085 552 1121 578 et
1149 541 1349 590 membris,

245 613 300 651 uti
319 623 394 650 non
414 621 553 660 potest.
596 611 735 659 Legum
760 609 918 647 ministri
939 608 1201 657 magistratus:
1227 612 1349 659 legum

244 686 484 732 interpretes,
512 681 678 732 J‘udices:
719 684 883 716 LEGUM
914 683 1127 726 DENIQUE
1159 684 1348 715 IDCIRCO

244 751 403 783 OMNES
428 748 562 781 SERVl
586 748 762 787 SUMUS‚
790 748 853 780 U'r
880 746 1032 778 LIBERI
1061 747 1173 780 ESSE
1197 747 1351 780 Possi-

243 810 381 844 MUS.’¹

290 929 348 976 >Et
394 928 442 965 ita
476 927 623 974 quidem
660 926 786 965 videar
821 925 972 973 Vobis,
1007 925 1090 963 Viri
1127 925 1351 965 Clarissimi!

243 1010 321 1037 tum
347 1010 391 1036 ex
416 997 586 1044 antiquae
607 997 784 1035 Politicae
805 996 997 1044 principiis
1019 1005 1094 1034 tum
1119 1008 1163 1035 ex
1181 996 1349 1045 antiqua-

244 1080 324 1106 rum
345 1068 534 1105 civitatum
556 1065 727 1105 Historia
744 1067 921 1105 laudatam
938 1066 1115 1104 Veterum
1130 1066 1347 1105 sententiam

244 1138 437 1176 commode
459 1136 696 1184 explicuisse.
738 1136 797 1173 Ne
823 1137 880 1173 vel
903 1135 1041 1173 omissa
1059 1137 1268 1185 supplerem
1290 1137 1349 1173 vel

244 1208 424 1246 deteriora
453 1206 696 1254 corrigerem,
732 1204 910 1253 temporis
944 1206 1083 1253 quibus
1113 1217 1263 1254 pressus
1296 1205 1351 1243 fui

243 1277 433 1327 angustiae
462 1275 762 1324 prohibuerunt,
792 1286 885 1322 quae
916 1274 1052 1323 pariter
1085 1275 1172 1312 mihi
1200 1274 1350 1314 exstite-

244 1358 329 1386 runt
353 1359 486 1390 causa,
526 1346 630 1394 quod
663 1344 907 1382 recentiorum
938 1343 1076 1392 scripta
1099 1343 1246 1392 parcius
1271 1342 1350 1382 for-

243 1428 341 1456 tasse
363 1417 629 1455 consuluerim.
683 1415 804 1465 Quam
839 1416 947 1462 longe
982 1423 1102 1452 autem
1131 1414 1349 1462 ceteroquin

242 1490 329 1527 haec
354 1499 432 1526 inea
458 1485 671 1534 disquisitio
696 1498 716 1522 a
742 1483 969 1534 perfectione
989 1484 1126 1530 distet,
1150 1494 1247 1521 unus
1269 1495 1350 1521 om-

241 1558 342 1596 nium
379 1557 535 1594 maxime
572 1555 764 1602 intelligo;
803 1556 867 1592 sed
905 1554 1052 1601 habeo,
1077 1555 1242 1602 opinor,
1271 1565 1347 1602 quo

239 1628 417 1666 commoti
452 1638 552 1663 reum
586 1626 757 1663 lubenter
791 1623 1007 1662 absolvatis.
1071 1622 1218 1673 Quibus
1253 1623 1349 1662 enim

241 1699 339 1747 apud
373 1698 560 1736 Platonem
596 1695 691 1745 (ι),
734 1704 931 1743 postquam
973 1692 1099 1740 paucis
1139 1695 1182 1731 de
1221 1693 1349 1731 eodem

241 1767 398 1815 politico
426 1765 536 1803 effato
561 1764 753 1809 absolvit,
780 1764 897 1802 utitur
915 1759 1062 1810 Hospes
1080 1763 1344 1810 Atheniensis,

240 1837 365 1874 iisdem
408 1847 474 1884 ego
509 1834 660 1882 verbis,
701 1833 838 1883 quibus
874 1834 986 1870 simul
1026 1833 1199 1881 symbolo
1236 1842 1348 1881 utor,

237 1918 381 1944 causam
409 1916 521 1942 meam
552 1904 720 1942 tuendam
747 1903 929 1941 arbitror:

387 1997 513 2042 „Ns'oq
545 1997 610 2041 μὲν
645 1996 718 2042 γὰρ
753 1996 797 2033 ὣν
823 1997 895 2036 πᾶς
923 1993 1095 2041 ἄνθρωπος
1122 1994 1171 2032 ταὶ
1197 1996 1346 2031 romum

337 2067 566 2112 mandram
593 2067 698 2108 αὐτὸς
723 2066 832 2103 αὑτοῦ
859 2064 944 2111 ὁρᾷ,
962 2064 1069 2111 γέρων
1092 2064 1125 2101 δὲ
1141 2061 1344 2108 ἅξύτοετκ.”

280 2205 327 2244 (ι)
352 2205 388 2234 de
413 2205 508 2244 qugn
533 2204 609 2234 Lib.
633 2202 694 2234 IV.
717 2213 749 2241 p.
772 2201 843 2242 715.
866 2201 905 2232 E.

690 2339 926 2348 *ann—.-
