1492 2896
362 569 608 621 SECTIO
643 571 880 622 PRIOR.

176 696 459 730 EXPMCATUR
488 698 632 731 NoTlo
663 700 724 731 ET
754 698 936 731 NATURA
966 697 1061 732 TAM

306 783 461 815 LEGUM
494 784 618 820 QUAM
648 783 926 817 LIBERTATIS.

438 994 713 1033 CAPUT
762 995 796 1033 Ι.

472 1110 528 1136 DE
570 1111 622 1137 LE
630 1111 767 1137 GIBUS.

485 1249 686 1290 Λογισμὸς,
710 1264 766 1272 -
793 1246 829 1288 ’ὃς
859 1248 1033 1291 γενόμενος
1060 1247 1174 1292 δόγμα

451 1306 581 1346 πόλεως
614 1298 744 1346 κοινῖν,
775 1306 889 1350 Νόμος
917 1306 1170 1349 ἐπωνόμασται.

928 1366 1035 1400 Plato.

116 1554 138 1574 „
166 1504 340 1577 Μακρὸν
365 1531 404 1569 τὸ
431 1530 603 1577 προοίμιον
627 1532 675 1579 τῷ
702 1532 923 1579 ἐπιθυμοῦντι
955 1530 1167 1571 ἁκοῦσοιι”ἱ

59 1604 114 1642 Ita
148 1603 310 1641 fortasse
343 1602 507 1650 aliquis,
542 1602 794 1651 disputatione
831 1604 940 1642 hacce
975 1604 1169 1653 inspecta,

58 1685 143 1711 cum
171 1673 368 1711 Glaucone
392 1673 491 1720 apud
516 1674 702 1711 Platonem
727 1676 916 1713 exclamet.
974 1676 1024 1713 At
1049 1683 1170 1713 teneat

59 1743 144 1789 ille,
171 1754 307 1789 quaeso
324 1770 336 1789 ‚
365 1753 440 1780 non
469 1754 512 1780 eo
536 1754 593 1779 me
616 1743 773 1781 consilio
799 1745 886 1782 haec
911 1745 1168 1793 praemisisse,

61 1823 102 1851 ut
128 1814 176 1850 ita
203 1812 302 1849 inani
341 1821 462 1850 uterer
493 1813 682 1850 doctrinae
720 1816 1066 1861 quantulaecunque
1089 1822 1170 1852 tan-

58 1884 139 1921 dem
154 1882 429 1929 ostentatione3
455 1883 519 1920 sed
544 1882 723 1930 imprimis
739 1911 752 1929 ‚
775 1886 877 1929 quod
891 1884 998 1921 initio·
1013 1885 1163 1932 monui,

59 1961 102 1990 ut
142 1951 279 1990 rectius
315 1951 446 1989 deinde
491 1952 536 1988 de
597 1960 675 1989 tota
731 1952 948 2000 quaestione
1004 1954 1168 2003 judicare

59 2035 270 2072 possemus.
324 2022 465 2060 Et-sic
503 2021 649 2069 quidem
687 2022 919 2070 pervenimus
954 2032 1090 2072 sponte
1123 2025 1167 2061 ad

63 2093 183 2131 omnis
216 2092 338 2130 civilis
373 2091 564 2130 societatis
596 2092 786 2129 vinculum
818 2093 979 2142 Legem,
1018 2093 1062 2130 de
1094 2105 1168 2140 qua

60 2164 129 2212 Jam
160 2175 272 2211 porro
305 2163 356 2200 ita
390 2174 494 2211 agere
521 2162 610 2199 mihi
635 2163 769 2209 liceat,
796 2171 836 2200 ut
859 2172 1057 2210 postquam
1085 2163 1169 2201 uni-

17 2228 20 2234 ’
61 2244 163 2271 verse
184 2234 228 2270 de
250 2235 370 2281 legum
394 2241 522 2270 natura
542 2232 830 2280 disputaverim,
855 2233 974 2280 qualis
1000 2242 1035 2270 et
1058 2234 1106 2270 sit
1129 2242 1164 2270 et

67 2312 146 2339 esse
177 2303 330 2351 debeat,
369 2313 490 2341 earum
526 2302 631 2340 etiam
669 2303 705 2340 in
747 2303 907 2350 antiquis
948 2302 1162 2341 civitatibus

59 2370 230 2410 rationem
257 2375 293 2410 et
318 2374 572 2412 auctoritatem
600 2372 809 2421 singulatim
838 2383 1032 2422 exponam.

572 2444 599 2482 Β
630 2455 651 2481 2
1057 2443 1094 2490 ἓ.
1129 2454 1163 2483 1.
