1492 2896
193 263 252 303 -8
591 260 977 307 ORATIO.

225 401 371 439 nostra
398 393 649 446 Academia,
685 397 1019 453 approbantibus
1047 406 1085 442 et
1115 399 1338 457 gaudenti-

224 479 307 522 bus
336 477 528 522 omnibus
564 478 740 522 sanioris
774 479 957 537 ingenii,
990 482 1218 527 dummodo
1252 497 1337 527 non

226 561 476 605 adhibeatur
515 562 570 606 ad
599 562 874 621 Theologiam
901 565 1215 625 inpugnandam
1246 575 1285 611 et
1315 582 1339 610 a

227 660 302 690 sua
332 659 429 690 arce
459 646 746 704 dejiciendam.
808 649 935 706 Quod
963 664 1057 694 cum
1079 666 1242 695 mecum
1267 665 1341 695 re-

224 737 417 788 putarem
433 763 445 785 ,
472 733 629 790 optime
658 733 841 778 facturus
868 734 969 778 mihi
998 735 1107 780 visus
1135 750 1226 779 sum
1244 768 1256 788 ‚
1280 735 1340 788 si,

226 813 308 858 hac
339 813 684 874 opportunitate,
715 832 764 861 ex
789 818 881 871 illa,
914 833 1021 876 quae
1042 818 1342 878 Philosophiae

228 911 321 941 cum
362 898 598 958 Theologia
638 899 883 955 intercedit,
921 903 1241 959 conjunctione,
1275 902 1346 946 di-

229 982 352 1026 cendi
378 991 666 1041 argumentum
695 986 969 1031 desumerent.
1008 985 1218 1046 Sapientis
1237 986 1346 1030 enim

231 1073 317 1119 est,
349 1067 637 1126 temporibus,
674 1069 804 1123 locis,
847 1084 1071 1126 rerumque
1111 1069 1345 1127 adjunctis,

231 1150 344 1193 salva
385 1151 583 1206 veritate,
632 1168 676 1196 se
719 1153 1055 1197 accommodare.
1129 1151 1349 1210 Ejusmodi

231 1248 365 1292 porro
394 1245 678 1294 argumentum
707 1253 730 1282 a
757 1253 962 1297 persona,
991 1238 1220 1295 studiisque
1243 1237 1348 1281 meis

232 1333 320 1363 non
347 1320 524 1365 alienum
553 1330 627 1368 est.
681 1323 762 1376 Et,
793 1324 907 1380 quod
937 1322 1128 1381 inprimis
1157 1338 1224 1367 me
1250 1335 1350 1366 mo-

232 1403 319 1456 vit,
360 1403 418 1447 ita
467 1420 585 1448 verus
628 1405 928 1466 Philosophiae
965 1407 1008 1450 in
1060 1407 1347 1467 disciplinam,

235 1502 360 1543 quam
385 1489 588 1546 profiteor
607 1522 618 1543 ,
651 1507 748 1535 usus
775 1492 1004 1546 elucescet,
1036 1493 1240 1549 simulque
1265 1506 1349 1550 pa-

233 1570 364 1624 tebit,
394 1587 477 1628 qua
505 1573 694 1628 ratione,
723 1576 995 1633 gravissimo,
1020 1577 1134 1633 quod
1162 1576 1247 1633 jam
1272 1590 1350 1619 ca-

235 1669 388 1714 pesso,
419 1671 591 1702 munere
620 1659 735 1716 fungi
764 1653 942 1719 cupiam.
1017 1660 1167 1704 Dicam
1197 1660 1324 1718 igitur

327 1749 384 1786 De
409 1760 588 1788 GERMANO
614 1752 866 1800 PmLosorflo,
897 1763 1030 1790 orrmo
1057 1753 1274 1790 Timomao.

238 1832 364 1889 Quod
403 1842 691 1891 argumentum
733 1849 826 1879 cum
867 1851 941 1880 sua
982 1851 1024 1880 se
1066 1835 1267 1893 gravitate
1310 1843 1351 1879 et

240 1917 554 1975 opportunitate
605 1934 886 1979 magnopere,
943 1921 986 1963 ni
1037 1920 1182 1973 fallor,
1232 1933 1353 1963 com-

239 2002 432 2056 mendet,
476 2004 669 2061 equidem
699 2020 802 2057 vos,
835 2007 887 2049 A.
911 2006 985 2049 Ast
1027 2004 1143 2048 enixe
1175 2017 1353 2062 precor,

239 2092 285 2128 ut
311 2085 487 2145 linguis,
516 2088 748 2145 animisque
784 2089 980 2142 faveatis,
1022 2103 1170 2146 meque
1205 2088 1354 2132 dicen-

240 2176 322 2212 tem
355 2170 532 2228 benigne
562 2173 752 2218 audiatis.

297 2252 383 2297 Sed
417 2254 561 2299 videor
596 2256 697 2299 mihi
731 2257 930 2302 continuo
960 2257 1180 2301 nonnullos
1212 2256 1355 2300 audire

244 2338 523 2383 clamitantes:
570 2358 592 2383 (<
611 2341 709 2398 quid
740 2347 784 2383 tu
819 2340 1121 2400 Philosophum
1149 2340 1354 2399 optimum
