<?xml version="1.0" encoding="UTF-8"?>
<!DOCTYPE html PUBLIC "-//W3C//DTD XHTML 1.0 Transitional//EN"
    "http://www.w3.org/TR/xhtml1/DTD/xhtml1-transitional.dtd">
<html xmlns="http://www.w3.org/1999/xhtml" xml:lang="en" lang="en">
 <head>
  <title>
</title>
<meta http-equiv="Content-Type" content="text/html;charset=utf-8" />
  <meta name='ocr-system' content='tesseract 3.04.00' />
  <meta name='ocr-capabilities' content='ocr_page ocr_carea ocr_par ocr_line ocrx_word'/>
</head>
<body>
  <div class='ocr_page' id='page_1' title='image "annalesacademiae36acad_0422.png"; bbox 0 0 1492 2896; ppageno 0'>
   <div class='ocr_carea' id='block_1_1' title="bbox 243 264 960 315">
    <p class='ocr_par' dir='ltr' id='par_1_1' title="bbox 243 264 960 315">
     <span class='ocr_line' id='line_1_1' title="bbox 243 264 960 315; baseline -0.003 -10"><span class='ocrx_word' id='word_1_1' title='bbox 243 268 292 308; x_wconf 76' lang='lat'>36</span> <span class='ocrx_word' id='word_1_2' title='bbox 640 264 960 315; x_wconf 86' lang='lat' dir='ltr'>DISQUISITIO</span> 
     </span>
    </p>
   </div>
   <div class='ocr_carea' id='block_1_2' title="bbox 243 372 1372 2438">
    <p class='ocr_par' dir='ltr' id='par_1_2' title="bbox 243 372 1359 628">
     <span class='ocr_line' id='line_1_2' title="bbox 243 372 1358 422; baseline 0 -11"><span class='ocrx_word' id='word_1_3' title='bbox 243 374 498 420; x_wconf 82' lang='lat' dir='ltr'>imbecillitas)</span> <span class='ocrx_word' id='word_1_4' title='bbox 523 372 650 412; x_wconf 81' lang='lat' dir='ltr'>tantus</span> <span class='ocrx_word' id='word_1_5' title='bbox 677 373 857 411; x_wconf 84' lang='lat' dir='ltr'>interdum</span> <span class='ocrx_word' id='word_1_6' title='bbox 890 383 946 411; x_wconf 87' lang='lat' dir='ltr'>est</span> <span class='ocrx_word' id='word_1_7' title='bbox 973 373 1218 421; x_wconf 75' lang='lat' dir='ltr'>cupiditatum</span> <span class='ocrx_word' id='word_1_8' title='bbox 1243 373 1358 422; x_wconf 90' lang='lat' dir='ltr'>impe-</span> 
     </span>
     <span class='ocr_line' id='line_1_3' title="bbox 244 443 1356 490; baseline 0.002 -10"><span class='ocrx_word' id='word_1_9' title='bbox 244 454 305 487; x_wconf 78' lang='lat' dir='ltr'>tus</span> <span class='ocrx_word' id='word_1_10' title='bbox 333 451 402 488; x_wconf 88' lang='lat' dir='ltr'>ut,</span> <span class='ocrx_word' id='word_1_11' title='bbox 428 443 525 480; x_wconf 77' lang='lat' dir='ltr'>bona</span> <span class='ocrx_word' id='word_1_12' title='bbox 555 447 684 481; x_wconf 67' lang='lat' dir='ltr'>nostra</span> <span class='ocrx_word' id='word_1_13' title='bbox 714 444 906 480; x_wconf 83' lang='lat' dir='ltr'>voluntate</span> <span class='ocrx_word' id='word_1_14' title='bbox 932 455 1053 480; x_wconf 87' lang='lat' dir='ltr'>earum</span> <span class='ocrx_word' id='word_1_15' title='bbox 1079 445 1176 481; x_wconf 86' lang='lat' dir='ltr'>mole</span> <span class='ocrx_word' id='word_1_16' title='bbox 1198 443 1356 490; x_wconf 72' lang='lat' dir='ltr'>obruta,</span> 
     </span>
     <span class='ocr_line' id='line_1_4' title="bbox 244 513 1359 561; baseline -0.001 -10"><span class='ocrx_word' id='word_1_17' title='bbox 244 524 354 561; x_wconf 86' lang='lat' dir='ltr'>prava</span> <span class='ocrx_word' id='word_1_18' title='bbox 386 524 454 561; x_wconf 85' lang='lat' dir='ltr'>pro</span> <span class='ocrx_word' id='word_1_19' title='bbox 487 513 596 551; x_wconf 90' lang='lat' dir='ltr'>bonis</span> <span class='ocrx_word' id='word_1_20' title='bbox 633 524 811 550; x_wconf 84' lang='lat' dir='ltr'><strong>venemur</strong></span> <span class='ocrx_word' id='word_1_21' title='bbox 843 523 877 550; x_wconf 93' lang='lat' dir='ltr'>et</span> <span class='ocrx_word' id='word_1_22' title='bbox 909 513 1001 550; x_wconf 86' lang='lat' dir='ltr'>vitio</span> <span class='ocrx_word' id='word_1_23' title='bbox 1027 522 1170 551; x_wconf 90' lang='lat' dir='ltr'>tantum</span> <span class='ocrx_word' id='word_1_24' title='bbox 1196 524 1273 550; x_wconf 90' lang='lat' dir='ltr'>non</span> <span class='ocrx_word' id='word_1_25' title='bbox 1296 513 1359 551; x_wconf 59' lang='lat' dir='ltr'>deo</span> 
     </span>
     <span class='ocr_line' id='line_1_5' title="bbox 244 584 434 628; baseline 0 -8"><span class='ocrx_word' id='word_1_26' title='bbox 244 584 434 628; x_wconf 76' lang='lat' dir='ltr'>lectemur.</span> 
     </span>
    </p>

    <p class='ocr_par' dir='ltr' id='par_1_3' title="bbox 245 651 1372 2377">
     <span class='ocr_line' id='line_1_6' title="bbox 297 651 1361 701; baseline -0.002 -10"><span class='ocrx_word' id='word_1_27' title='bbox 297 654 428 701; x_wconf 88' lang='lat' dir='ltr'>Itaque</span> <span class='ocrx_word' id='word_1_28' title='bbox 448 664 577 693; x_wconf 87' lang='lat' dir='ltr'>curare</span> <span class='ocrx_word' id='word_1_29' title='bbox 602 653 640 690; x_wconf 93' lang='lat' dir='ltr'>id</span> <span class='ocrx_word' id='word_1_30' title='bbox 667 653 781 690; x_wconf 89' lang='lat' dir='ltr'>homo</span> <span class='ocrx_word' id='word_1_31' title='bbox 804 651 985 701; x_wconf 85' lang='lat' dir='ltr'>imprimis</span> <span class='ocrx_word' id='word_1_32' title='bbox 1011 652 1121 689; x_wconf 79' lang='lat' dir='ltr'>debet</span> <span class='ocrx_word' id='word_1_33' title='bbox 1136 679 1150 700; x_wconf 94' lang='lat'>,</span> <span class='ocrx_word' id='word_1_34' title='bbox 1171 661 1214 689; x_wconf 89' lang='lat' dir='ltr'>ut</span> <span class='ocrx_word' id='word_1_35' title='bbox 1238 663 1361 690; x_wconf 86' lang='lat' dir='ltr'>mora·</span> 
     </span>
     <span class='ocr_line' id='line_1_7' title="bbox 245 722 1358 771; baseline 0.001 -11"><span class='ocrx_word' id='word_1_36' title='bbox 245 725 316 762; x_wconf 82' lang='lat' dir='ltr'>lem</span> <span class='ocrx_word' id='word_1_37' title='bbox 344 734 447 761; x_wconf 90' lang='lat' dir='ltr'>suam</span> <span class='ocrx_word' id='word_1_38' title='bbox 478 723 643 763; x_wconf 88' lang='lat' dir='ltr'>emendet</span> <span class='ocrx_word' id='word_1_39' title='bbox 667 724 947 768; x_wconf 87' lang='lat' dir='ltr'>conditionem,</span> <span class='ocrx_word' id='word_1_40' title='bbox 985 722 1102 771; x_wconf 89' lang='lat' dir='ltr'>quia,</span> <span class='ocrx_word' id='word_1_41' title='bbox 1143 723 1271 771; x_wconf 91' lang='lat' dir='ltr'>prouti</span> <span class='ocrx_word' id='word_1_42' title='bbox 1295 735 1358 761; x_wconf 89' lang='lat' dir='ltr'>su-</span> 
     </span>
     <span class='ocr_line' id='line_1_8' title="bbox 245 792 1359 843; baseline 0.003 -14"><span class='ocrx_word' id='word_1_43' title='bbox 245 804 311 843; x_wconf 87' lang='lat' dir='ltr'>pra</span> <span class='ocrx_word' id='word_1_44' title='bbox 337 793 632 832; x_wconf 85' lang='lat' dir='ltr'>animadversum</span> <span class='ocrx_word' id='word_1_45' title='bbox 670 802 754 839; x_wconf 89' lang='lat' dir='ltr'>est,</span> <span class='ocrx_word' id='word_1_46' title='bbox 794 793 957 836; x_wconf 89' lang='lat' dir='ltr'>hominis</span> <span class='ocrx_word' id='word_1_47' title='bbox 997 792 1148 831; x_wconf 87' lang='lat' dir='ltr'>libertas</span> <span class='ocrx_word' id='word_1_48' title='bbox 1188 794 1359 842; x_wconf 86' lang='lat' dir='ltr'>quamvis</span> 
     </span>
     <span class='ocr_line' id='line_1_9' title="bbox 246 861 1359 911; baseline 0.004 -13"><span class='ocrx_word' id='word_1_49' title='bbox 246 863 421 908; x_wconf 79' lang='lat' dir='ltr'>quaedam</span> <span class='ocrx_word' id='word_1_50' title='bbox 458 861 507 900; x_wconf 94' lang='lat' dir='ltr'>sit</span> <span class='ocrx_word' id='word_1_51' title='bbox 539 862 751 901; x_wconf 87' lang='lat' dir='ltr'>immunitas</span> <span class='ocrx_word' id='word_1_52' title='bbox 791 862 986 909; x_wconf 90' lang='lat' dir='ltr'>omnium,</span> <span class='ocrx_word' id='word_1_53' title='bbox 1036 873 1130 911; x_wconf 89' lang='lat' dir='ltr'>quae</span> <span class='ocrx_word' id='word_1_54' title='bbox 1165 873 1213 901; x_wconf 92' lang='lat' dir='ltr'>ne</span> <span class='ocrx_word' id='word_1_55' title='bbox 1247 863 1359 902; x_wconf 87' lang='lat' dir='ltr'>vitam</span> 
     </span>
     <span class='ocr_line' id='line_1_10' title="bbox 246 931 1362 985; baseline 0.004 -17"><span class='ocrx_word' id='word_1_56' title='bbox 246 940 344 981; x_wconf 76' lang='lat' dir='ltr'>recte</span> <span class='ocrx_word' id='word_1_57' title='bbox 370 931 477 980; x_wconf 83' lang='lat' dir='ltr'>degat</span> <span class='ocrx_word' id='word_1_58' title='bbox 504 931 627 979; x_wconf 88' lang='lat' dir='ltr'>ipsum</span> <span class='ocrx_word' id='word_1_59' title='bbox 657 932 859 985; x_wconf 83' lang='lat' dir='ltr'>impediant</span> <span class='ocrx_word' id='word_1_60' title='bbox 875 960 887 979; x_wconf 96' lang='lat'>,</span> <span class='ocrx_word' id='word_1_61' title='bbox 915 932 1128 971; x_wconf 86' lang='lat' dir='ltr'>continetur</span> <span class='ocrx_word' id='word_1_62' title='bbox 1153 941 1272 976; x_wconf 85' lang='lat' dir='ltr'>tamen</span> <span class='ocrx_word' id='word_1_63' title='bbox 1296 946 1362 982; x_wconf 83' lang='lat' dir='ltr'>pa-</span> 
     </span>
     <span class='ocr_line' id='line_1_11' title="bbox 245 1001 1362 1050; baseline 0.004 -12"><span class='ocrx_word' id='word_1_64' title='bbox 245 1001 333 1039; x_wconf 83' lang='lat' dir='ltr'>riter</span> <span class='ocrx_word' id='word_1_65' title='bbox 371 1002 499 1039; x_wconf 90' lang='lat' dir='ltr'>studio</span> <span class='ocrx_word' id='word_1_66' title='bbox 534 1001 625 1039; x_wconf 91' lang='lat' dir='ltr'>boni</span> <span class='ocrx_word' id='word_1_67' title='bbox 662 1001 846 1050; x_wconf 85' lang='lat' dir='ltr'>verique,</span> <span class='ocrx_word' id='word_1_68' title='bbox 888 1011 929 1040; x_wconf 91' lang='lat' dir='ltr'>ut</span> <span class='ocrx_word' id='word_1_69' title='bbox 961 1003 1028 1040; x_wconf 87' lang='lat' dir='ltr'>hac</span> <span class='ocrx_word' id='word_1_70' title='bbox 1054 1005 1199 1042; x_wconf 87' lang='lat' dir='ltr'>tandem</span> <span class='ocrx_word' id='word_1_71' title='bbox 1230 1004 1290 1042; x_wconf 87' lang='lat' dir='ltr'>via</span> <span class='ocrx_word' id='word_1_72' title='bbox 1316 1005 1362 1042; x_wconf 87' lang='lat' dir='ltr'>ad</span> 
     </span>
     <span class='ocr_line' id='line_1_12' title="bbox 246 1071 1364 1122; baseline 0.004 -14"><span class='ocrx_word' id='word_1_73' title='bbox 246 1071 438 1117; x_wconf 81' lang='lat' dir='ltr'>maximam</span> <span class='ocrx_word' id='word_1_74' title='bbox 465 1072 721 1119; x_wconf 86' lang='lat' dir='ltr'>perveniamus</span> <span class='ocrx_word' id='word_1_75' title='bbox 749 1071 893 1110; x_wconf 87' lang='lat' dir='ltr'>homini</span> <span class='ocrx_word' id='word_1_76' title='bbox 922 1084 1133 1112; x_wconf 86' lang='lat' dir='ltr'>concessam</span> <span class='ocrx_word' id='word_1_77' title='bbox 1162 1073 1364 1122; x_wconf 86' lang='lat' dir='ltr'>perfectio-</span> 
     </span>
     <span class='ocr_line' id='line_1_13' title="bbox 245 1141 1360 1193; baseline 0.004 -15"><span class='ocrx_word' id='word_1_78' title='bbox 245 1152 344 1188; x_wconf 79' lang='lat' dir='ltr'>nem.</span> <span class='ocrx_word' id='word_1_79' title='bbox 381 1141 424 1179; x_wconf 87' lang='lat' dir='ltr'>Id</span> <span class='ocrx_word' id='word_1_80' title='bbox 455 1152 576 1183; x_wconf 85' lang='lat' dir='ltr'>autem</span> <span class='ocrx_word' id='word_1_81' title='bbox 613 1142 769 1190; x_wconf 83' lang='lat' dir='ltr'>exsequi</span> <span class='ocrx_word' id='word_1_82' title='bbox 815 1143 921 1179; x_wconf 87' lang='lat' dir='ltr'>nullo</span> <span class='ocrx_word' id='word_1_83' title='bbox 969 1146 1080 1182; x_wconf 89' lang='lat' dir='ltr'>modo</span> <span class='ocrx_word' id='word_1_84' title='bbox 1127 1156 1360 1193; x_wconf 82' lang='lat' dir='ltr'>possumus,</span> 
     </span>
     <span class='ocr_line' id='line_1_14' title="bbox 246 1210 1364 1260; baseline 0.005 -14"><span class='ocrx_word' id='word_1_85' title='bbox 246 1210 320 1259; x_wconf 79' lang='lat' dir='ltr'>nisi</span> <span class='ocrx_word' id='word_1_86' title='bbox 362 1211 445 1250; x_wconf 92' lang='lat' dir='ltr'>Deo</span> <span class='ocrx_word' id='word_1_87' title='bbox 483 1222 554 1249; x_wconf 91' lang='lat' dir='ltr'>nos</span> <span class='ocrx_word' id='word_1_88' title='bbox 592 1211 794 1249; x_wconf 84' lang='lat' dir='ltr'>assimilare</span> <span class='ocrx_word' id='word_1_89' title='bbox 829 1211 968 1250; x_wconf 84' lang='lat' dir='ltr'>virtute</span> <span class='ocrx_word' id='word_1_90' title='bbox 1008 1214 1192 1260; x_wconf 81' lang='lat' dir='ltr'>nitamur,</span> <span class='ocrx_word' id='word_1_91' title='bbox 1231 1214 1268 1252; x_wconf 88' lang='lat' dir='ltr'>id</span> <span class='ocrx_word' id='word_1_92' title='bbox 1307 1223 1364 1252; x_wconf 88' lang='lat' dir='ltr'>est</span> 
     </span>
     <span class='ocr_line' id='line_1_15' title="bbox 246 1280 1367 1333; baseline 0.005 -17"><span class='ocrx_word' id='word_1_93' title='bbox 246 1281 368 1319; x_wconf 87' lang='lat' dir='ltr'>Deum</span> <span class='ocrx_word' id='word_1_94' title='bbox 403 1292 472 1328; x_wconf 88' lang='lat' dir='ltr'>pro</span> <span class='ocrx_word' id='word_1_95' title='bbox 509 1280 643 1318; x_wconf 90' lang='lat' dir='ltr'>virium</span> <span class='ocrx_word' id='word_1_96' title='bbox 685 1281 826 1323; x_wconf 88' lang='lat' dir='ltr'>ratione</span> <span class='ocrx_word' id='word_1_97' title='bbox 861 1282 996 1320; x_wconf 89' lang='lat' dir='ltr'>debitis</span> <span class='ocrx_word' id='word_1_98' title='bbox 1031 1283 1242 1322; x_wconf 86' lang='lat' dir='ltr'>honoribus</span> <span class='ocrx_word' id='word_1_99' title='bbox 1279 1296 1367 1333; x_wconf 83' lang='lat' dir='ltr'>pro·</span> 
     </span>
     <span class='ocr_line' id='line_1_16' title="bbox 246 1350 1367 1401; baseline 0.004 -14"><span class='ocrx_word' id='word_1_100' title='bbox 246 1350 368 1399; x_wconf 74' lang='lat' dir='ltr'>sequi.</span> <span class='ocrx_word' id='word_1_101' title='bbox 423 1350 536 1401; x_wconf 85' lang='lat' dir='ltr'>Quod</span> <span class='ocrx_word' id='word_1_102' title='bbox 577 1350 725 1399; x_wconf 80' lang='lat' dir='ltr'>quidem</span> <span class='ocrx_word' id='word_1_103' title='bbox 763 1362 847 1399; x_wconf 85' lang='lat' dir='ltr'>erga</span> <span class='ocrx_word' id='word_1_104' title='bbox 881 1353 1002 1390; x_wconf 90' lang='lat' dir='ltr'>Deum</span> <span class='ocrx_word' id='word_1_105' title='bbox 1039 1352 1199 1390; x_wconf 88' lang='lat' dir='ltr'>officium</span> <span class='ocrx_word' id='word_1_106' title='bbox 1238 1362 1280 1390; x_wconf 88' lang='lat' dir='ltr'>ut</span> <span class='ocrx_word' id='word_1_107' title='bbox 1312 1355 1367 1391; x_wconf 90' lang='lat' dir='ltr'>lu-</span> 
     </span>
     <span class='ocr_line' id='line_1_17' title="bbox 249 1420 1371 1470; baseline 0.002 -12"><span class='ocrx_word' id='word_1_108' title='bbox 249 1421 379 1468; x_wconf 85' lang='lat' dir='ltr'>benter</span> <span class='ocrx_word' id='word_1_109' title='bbox 411 1430 641 1469; x_wconf 85' lang='lat' dir='ltr'>praestemus</span> <span class='ocrx_word' id='word_1_110' title='bbox 683 1420 763 1469; x_wconf 88' lang='lat' dir='ltr'>ipsa</span> <span class='ocrx_word' id='word_1_111' title='bbox 803 1421 946 1459; x_wconf 87' lang='lat' dir='ltr'>ratione</span> <span class='ocrx_word' id='word_1_112' title='bbox 982 1430 1109 1460; x_wconf 89' lang='lat' dir='ltr'>nostra</span> <span class='ocrx_word' id='word_1_113' title='bbox 1146 1434 1371 1470; x_wconf 87' lang='lat' dir='ltr'>monemur,</span> 
     </span>
     <span class='ocr_line' id='line_1_18' title="bbox 251 1491 1371 1538; baseline 0.003 -10"><span class='ocrx_word' id='word_1_114' title='bbox 251 1501 368 1537; x_wconf 81' lang='lat' dir='ltr'>quum</span> <span class='ocrx_word' id='word_1_115' title='bbox 415 1491 466 1529; x_wconf 89' lang='lat' dir='ltr'>sit</span> <span class='ocrx_word' id='word_1_116' title='bbox 511 1491 574 1529; x_wconf 85' lang='lat' dir='ltr'>ine</span> <span class='ocrx_word' id='word_1_117' title='bbox 622 1491 774 1528; x_wconf 88' lang='lat' dir='ltr'>humani</span> <span class='ocrx_word' id='word_1_118' title='bbox 814 1492 958 1538; x_wconf 87' lang='lat' dir='ltr'>generis</span> <span class='ocrx_word' id='word_1_119' title='bbox 998 1502 1140 1529; x_wconf 87' lang='lat' dir='ltr'>creator</span> <span class='ocrx_word' id='word_1_120' title='bbox 1175 1502 1211 1530; x_wconf 89' lang='lat' dir='ltr'>et</span> <span class='ocrx_word' id='word_1_121' title='bbox 1246 1504 1371 1531; x_wconf 90' lang='lat' dir='ltr'>serva·</span> 
     </span>
     <span class='ocr_line' id='line_1_19' title="bbox 250 1561 1368 1609; baseline 0.002 -11"><span class='ocrx_word' id='word_1_122' title='bbox 250 1571 338 1608; x_wconf 83' lang='lat' dir='ltr'>tor,</span> <span class='ocrx_word' id='word_1_123' title='bbox 374 1563 519 1599; x_wconf 71' lang='lat' dir='ltr'>summa</span> <span class='ocrx_word' id='word_1_124' title='bbox 554 1570 589 1598; x_wconf 91' lang='lat' dir='ltr'>et</span> <span class='ocrx_word' id='word_1_125' title='bbox 625 1563 817 1604; x_wconf 82' lang='lat' dir='ltr'>sanctitate</span> <span class='ocrx_word' id='word_1_126' title='bbox 845 1569 879 1598; x_wconf 93' lang='lat' dir='ltr'>et</span> <span class='ocrx_word' id='word_1_127' title='bbox 908 1561 1164 1600; x_wconf 66' lang='lat' dir='ltr'>benevolentia</span> <span class='ocrx_word' id='word_1_128' title='bbox 1194 1562 1368 1609; x_wconf 88' lang='lat' dir='ltr'>insignis.</span> 
     </span>
     <span class='ocr_line' id='line_1_20' title="bbox 251 1629 1370 1684; baseline 0.002 -16"><span class='ocrx_word' id='word_1_129' title='bbox 251 1629 358 1684; x_wconf 84' lang='lat' dir='ltr'>Quae</span> <span class='ocrx_word' id='word_1_130' title='bbox 385 1629 418 1669; x_wconf 89' lang='lat' dir='ltr'>si</span> <span class='ocrx_word' id='word_1_131' title='bbox 445 1639 526 1667; x_wconf 91' lang='lat' dir='ltr'>toto</span> <span class='ocrx_word' id='word_1_132' title='bbox 553 1631 675 1677; x_wconf 84' lang='lat' dir='ltr'>animo</span> <span class='ocrx_word' id='word_1_133' title='bbox 704 1631 973 1678; x_wconf 84' lang='lat' dir='ltr'>observamus,</span> <span class='ocrx_word' id='word_1_134' title='bbox 1009 1631 1041 1669; x_wconf 89' lang='lat' dir='ltr'>si</span> <span class='ocrx_word' id='word_1_135' title='bbox 1067 1633 1186 1671; x_wconf 84' lang='lat' dir='ltr'>Deum</span> <span class='ocrx_word' id='word_1_136' title='bbox 1213 1633 1258 1669; x_wconf 91' lang='lat' dir='ltr'>iis</span> <span class='ocrx_word' id='word_1_137' title='bbox 1286 1635 1370 1680; x_wconf 87' lang='lat' dir='ltr'>qui-</span> 
     </span>
     <span class='ocr_line' id='line_1_21' title="bbox 253 1700 1368 1751; baseline 0.002 -13"><span class='ocrx_word' id='word_1_138' title='bbox 253 1700 326 1747; x_wconf 87' lang='lat' dir='ltr'>bus</span> <span class='ocrx_word' id='word_1_139' title='bbox 355 1700 460 1738; x_wconf 88' lang='lat' dir='ltr'>decet</span> <span class='ocrx_word' id='word_1_140' title='bbox 487 1700 697 1738; x_wconf 85' lang='lat' dir='ltr'>honoribus</span> <span class='ocrx_word' id='word_1_141' title='bbox 731 1700 909 1738; x_wconf 82' lang='lat' dir='ltr'>afficimus</span> <span class='ocrx_word' id='word_1_142' title='bbox 942 1702 1099 1750; x_wconf 86' lang='lat' dir='ltr'>ejusque</span> <span class='ocrx_word' id='word_1_143' title='bbox 1136 1703 1368 1751; x_wconf 84' lang='lat' dir='ltr'>praeceptis,</span> 
     </span>
     <span class='ocr_line' id='line_1_22' title="bbox 248 1768 1371 1820; baseline 0.004 -14"><span class='ocrx_word' id='word_1_144' title='bbox 248 1768 474 1818; x_wconf 72' lang='lat' dir='ltr'>iustioribus</span> <span class='ocrx_word' id='word_1_145' title='bbox 520 1779 554 1806; x_wconf 90' lang='lat' dir='ltr'>et</span> <span class='ocrx_word' id='word_1_146' title='bbox 613 1769 900 1817; x_wconf 86' lang='lat' dir='ltr'>perfectioribus</span> <span class='ocrx_word' id='word_1_147' title='bbox 951 1782 1061 1818; x_wconf 87' lang='lat' dir='ltr'>quam</span> <span class='ocrx_word' id='word_1_148' title='bbox 1107 1782 1196 1809; x_wconf 89' lang='lat' dir='ltr'>sunt</span> <span class='ocrx_word' id='word_1_149' title='bbox 1241 1772 1371 1820; x_wconf 54' lang='lat' dir='ltr'>Justise</span> 
     </span>
     <span class='ocr_line' id='line_1_23' title="bbox 252 1828 1372 1891; baseline 0.002 -14"><span class='ocrx_word' id='word_1_150' title='bbox 252 1828 369 1877; x_wconf 63' lang='lat' dir='ltr'>&gt;simae</span> <span class='ocrx_word' id='word_1_151' title='bbox 418 1837 787 1891; x_wconf 82' lang='lat' dir='ltr'>perfectissimaeque</span> <span class='ocrx_word' id='word_1_152' title='bbox 843 1840 884 1887; x_wconf 73' lang='lat' dir='ltr'>in</span> <span class='ocrx_word' id='word_1_153' title='bbox 927 1841 1075 1884; x_wconf 88' lang='lat' dir='ltr'>civitate</span> <span class='ocrx_word' id='word_1_154' title='bbox 1119 1829 1372 1879; x_wconf 32' lang='lat' dir='ltr'>humana-le-</span> 
     </span>
     <span class='ocr_line' id='line_1_24' title="bbox 253 1908 1372 1957; baseline 0.004 -12"><span class='ocrx_word' id='word_1_155' title='bbox 253 1918 343 1957; x_wconf 81' lang='lat' dir='ltr'>ges,</span> <span class='ocrx_word' id='word_1_156' title='bbox 381 1908 550 1947; x_wconf 85' lang='lat' dir='ltr'>studiose</span> <span class='ocrx_word' id='word_1_157' title='bbox 585 1921 780 1956; x_wconf 77' lang='lat' dir='ltr'>paremuS,</span> <span class='ocrx_word' id='word_1_158' title='bbox 819 1920 897 1948; x_wconf 82' lang='lat' dir='ltr'>tum</span> <span class='ocrx_word' id='word_1_159' title='bbox 936 1921 1024 1948; x_wconf 89' lang='lat' dir='ltr'>sane</span> <span class='ocrx_word' id='word_1_160' title='bbox 1057 1911 1252 1950; x_wconf 87' lang='lat' dir='ltr'>serviendo</span> <span class='ocrx_word' id='word_1_161' title='bbox 1286 1911 1372 1950; x_wconf 70' lang='lat' dir='ltr'>Deor</span> 
     </span>
     <span class='ocr_line' id='line_1_25' title="bbox 251 1962 1366 2028; baseline 0.002 -12"><span class='ocrx_word' id='word_1_162' title='bbox 251 1962 372 2024; x_wconf 70' lang='lat' dir='ltr'>veram</span> <span class='ocrx_word' id='word_1_163' title='bbox 408 1979 518 2016; x_wconf 90' lang='lat' dir='ltr'>nobis</span> <span class='ocrx_word' id='word_1_164' title='bbox 554 1978 759 2018; x_wconf 86' lang='lat' dir='ltr'>libertatem</span> <span class='ocrx_word' id='word_1_165' title='bbox 794 1991 1051 2028; x_wconf 81' lang='lat' dir='ltr'>comparamus</span> <span class='ocrx_word' id='word_1_166' title='bbox 1092 1980 1258 2028; x_wconf 89' lang='lat' dir='ltr'>nihilque</span> <span class='ocrx_word' id='word_1_167' title='bbox 1295 1991 1366 2018; x_wconf 87' lang='lat' dir='ltr'>nos</span> 
     </span>
     <span class='ocr_line' id='line_1_26' title="bbox 251 2047 1365 2098; baseline 0.004 -14"><span class='ocrx_word' id='word_1_168' title='bbox 251 2047 430 2095; x_wconf 72' lang='lat' dir='ltr'>impedit,</span> <span class='ocrx_word' id='word_1_169' title='bbox 483 2048 684 2095; x_wconf 89' lang='lat' dir='ltr'>quominus</span> <span class='ocrx_word' id='word_1_170' title='bbox 733 2049 771 2086; x_wconf 87' lang='lat' dir='ltr'>in</span> <span class='ocrx_word' id='word_1_171' title='bbox 818 2049 982 2097; x_wconf 78' lang='lat' dir='ltr'>mundo,</span> <span class='ocrx_word' id='word_1_172' title='bbox 1030 2058 1071 2088; x_wconf 90' lang='lat' dir='ltr'>ut</span> <span class='ocrx_word' id='word_1_173' title='bbox 1121 2051 1171 2088; x_wconf 91' lang='lat' dir='ltr'>ita</span> <span class='ocrx_word' id='word_1_174' title='bbox 1218 2051 1365 2098; x_wconf 88' lang='lat' dir='ltr'>dicam,</span> 
     </span>
     <span class='ocr_line' id='line_1_27' title="bbox 252 2116 1367 2167; baseline 0.004 -14"><span class='ocrx_word' id='word_1_175' title='bbox 252 2117 389 2155; x_wconf 84' lang='lat' dir='ltr'>morali</span> <span class='ocrx_word' id='word_1_176' title='bbox 428 2116 607 2156; x_wconf 85' lang='lat' dir='ltr'>felicitate</span> <span class='ocrx_word' id='word_1_177' title='bbox 656 2121 799 2157; x_wconf 80' lang='lat' dir='ltr'>summa</span> <span class='ocrx_word' id='word_1_178' title='bbox 848 2120 1084 2167; x_wconf 86' lang='lat' dir='ltr'>gaudeamus.</span> <span class='ocrx_word' id='word_1_179' title='bbox 1152 2120 1251 2156; x_wconf 86' lang='lat' dir='ltr'>Tum</span> <span class='ocrx_word' id='word_1_180' title='bbox 1296 2121 1367 2159; x_wconf 85' lang='lat' dir='ltr'>Dei</span> 
     </span>
     <span class='ocr_line' id='line_1_28' title="bbox 250 2187 1368 2237; baseline 0.004 -13"><span class='ocrx_word' id='word_1_181' title='bbox 250 2195 445 2236; x_wconf 81' lang='lat' dir='ltr'>praecepta</span> <span class='ocrx_word' id='word_1_182' title='bbox 473 2187 511 2225; x_wconf 89' lang='lat' dir='ltr'>in</span> <span class='ocrx_word' id='word_1_183' title='bbox 541 2188 728 2225; x_wconf 90' lang='lat' dir='ltr'>hominem</span> <span class='ocrx_word' id='word_1_184' title='bbox 760 2200 836 2226; x_wconf 89' lang='lat' dir='ltr'>eam</span> <span class='ocrx_word' id='word_1_185' title='bbox 866 2189 1001 2227; x_wconf 90' lang='lat' dir='ltr'>habent</span> <span class='ocrx_word' id='word_1_186' title='bbox 1029 2190 1101 2227; x_wconf 91' lang='lat' dir='ltr'>vim</span> <span class='ocrx_word' id='word_1_187' title='bbox 1119 2217 1131 2236; x_wconf 95' lang='lat'>,</span> <span class='ocrx_word' id='word_1_188' title='bbox 1163 2201 1271 2237; x_wconf 89' lang='lat' dir='ltr'>quam</span> <span class='ocrx_word' id='word_1_189' title='bbox 1302 2192 1368 2231; x_wconf 11' lang='lat' dir='ltr'>lia-A</span> 
     </span>
     <span class='ocr_line' id='line_1_29' title="bbox 250 2255 1364 2307; baseline 0.004 -14"><span class='ocrx_word' id='word_1_190' title='bbox 250 2255 338 2293; x_wconf 82' lang='lat' dir='ltr'>bent</span> <span class='ocrx_word' id='word_1_191' title='bbox 374 2257 411 2294; x_wconf 90' lang='lat' dir='ltr'>in</span> <span class='ocrx_word' id='word_1_192' title='bbox 443 2257 559 2303; x_wconf 82' lang='lat' dir='ltr'>civem</span> <span class='ocrx_word' id='word_1_193' title='bbox 589 2258 702 2306; x_wconf 84' lang='lat' dir='ltr'>leges.</span> <span class='ocrx_word' id='word_1_194' title='bbox 756 2258 834 2296; x_wconf 86' lang='lat' dir='ltr'>Illis</span> <span class='ocrx_word' id='word_1_195' title='bbox 862 2271 1005 2296; x_wconf 87' lang='lat' dir='ltr'>morum</span> <span class='ocrx_word' id='word_1_196' title='bbox 1037 2259 1257 2307; x_wconf 85' lang='lat' dir='ltr'>probitatem</span> <span class='ocrx_word' id='word_1_197' title='bbox 1287 2272 1364 2299; x_wconf 87' lang='lat' dir='ltr'>ser-</span> 
     </span>
     <span class='ocr_line' id='line_1_30' title="bbox 249 2327 1363 2377; baseline 0.004 -14"><span class='ocrx_word' id='word_1_198' title='bbox 249 2337 334 2377; x_wconf 61' lang='lat' dir='ltr'>vare</span> <span class='ocrx_word' id='word_1_199' title='bbox 372 2335 407 2364; x_wconf 90' lang='lat' dir='ltr'>et</span> <span class='ocrx_word' id='word_1_200' title='bbox 448 2327 677 2377; x_wconf 82' lang='lat' dir='ltr'>sanctitatem</span> <span class='ocrx_word' id='word_1_201' title='bbox 712 2327 915 2377; x_wconf 75' lang='lat' dir='ltr'>J&#39;ubemur,</span> <span class='ocrx_word' id='word_1_202' title='bbox 946 2337 987 2365; x_wconf 82' lang='lat' dir='ltr'>ut</span> <span class='ocrx_word' id='word_1_203' title='bbox 1016 2328 1159 2377; x_wconf 83' lang='lat' dir='ltr'>animus</span> <span class='ocrx_word' id='word_1_204' title='bbox 1194 2329 1288 2368; x_wconf 83' lang='lat' dir='ltr'>liber</span> <span class='ocrx_word' id='word_1_205' title='bbox 1313 2331 1363 2368; x_wconf 87' lang='lat' dir='ltr'>sit</span> 
     </span>
    </p>

    <p class='ocr_par' dir='ltr' id='par_1_4' title="bbox 1316 2401 1360 2438">
     <span class='ocr_line' id='line_1_31' title="bbox 1316 2401 1360 2438; baseline -0.023 0"><span class='ocrx_word' id='word_1_206' title='bbox 1316 2401 1360 2438; x_wconf 84' lang='lat' dir='ltr'>ab</span> 
     </span>
    </p>
   </div>
  </div>
 </body>
</html>
