1492 2896
284 231 335 281 56
661 227 1001 280 'mstslTlo

287 347 362 374 tum
401 338 451 375 uti
487 337 522 374 in
549 339 689 376 nullum
718 349 795 376 non
824 339 1085 387 disputationis
1112 349 1229 386 genus
1257 349 1391 376 conve-

285 406 365 448 nire
401 408 600 452 putandum
637 417 719 455 est,
751 408 801 446 ita
834 409 944 446 nobis
973 408 1151 446 libertatis
1178 420 1299 447 veram
1327 419 1394 445 no·

287 474 424 517 tionem
457 475 681 522 indagaturis
715 477 895 525 imprimis
928 477 1188 516 attendendum
1223 489 1304 516 esse
1340 478 1395 515 vi-

287 545 408 583 detur.
464 545 583 584 Tanta
619 547 714 585 enim
745 546 817 584 fuit
842 545 921 586 fere
948 547 1166 594 opinionum
1194 548 1259 585 hac
1285 549 1331 585 de
1357 557 1396 584 re

287 613 554 663 discrepantia,
593 625 662 653 tam
693 616 791 654 varia
820 616 918 654 omni
949 628 1040 654 aevo
1063 618 1161 665 apud
1187 618 1308 655 varios
1329 617 1397 654 ho·

288 682 407 721 mines
441 684 514 722 fuit
550 685 654 723 vocis
687 686 799 735 hujus
831 685 1085 734 significatio,
1122 695 1163 724 ut
1189 686 1226 724 ln
1253 695 1399 725 contra-

288 752 383 790 rium
406 755 512 802 plane
537 764 685 792 ruerent
711 756 867 793 subinde
897 765 934 794 et
969 755 1092 793 omnia
1128 756 1257 804 potius
1289 768 1397 805 quam

287 823 492 861 libertatem
519 823 727 863 definirent.
780 825 933 864 Dictum
972 826 1042 863 hoc
1079 826 1240 863 maxime
1276 827 1327 863 sit
1355 826 1400 863 de

289 893 460 932 libertate
495 895 614 935 civili.
667 894 777 934 Alius
811 897 1029 933 aliter'eam
1067 895 1300 942 terminavit,
1338 895 1403 932 sed

290 963 552 1012 unusquisque
596 963 673 1002 fere
718 967 921 1004 secundum
960 977 1052 1004 suos
1091 965 1209 1013 ipsius
1249 975 1402 1010 moreS,

293 1034 446 1081 studia,
488 1034 700 1082 opiniones.
764 1036 885 1074 Docet
923 1046 1045 1074 autem
1085 1036 1174 1074 satis
1212 1046 1401 1083 superque

291 1103 453 1151 gentium
492 1112 563 1141 tam
599 1105 754 1152 antiquo
792 1117 899 1152 quam
935 1105 1141 1142 recentiore
1168 1116 1258 1142 aevo
1285 1104 1404 1143 histo-

292 1172 370 1219 ria,
411 1182 583 1220 quantam
623 1175 803 1212 malorum
843 1183 1143 1222 segetem1prava
1169 1174 1275 1210 vocis
1301 1183 1405 1211 acce·

292 1241 372 1288 ptio
398 1253 465 1291 per
491 1251 666 1281 terrarum
693 1243 818 1281 orbem
850 1244 985 1281 severit
1009 1243 1104 1294 (ι),
1137 1251 1176 1281 ut
1203 1243 1300 1281 haud
1321 1253 1417 1280 raro·

293 1310 416 1359 ipsum
442 1311 622 1350 libertatis
648 1324 811 1360 nomen,
848 1314 927 1361 ipsa
957 1314 1048 1351 adeo
1082 1325 1138 1350 res
1165 1314 1252 1351 odio
1279 1312 1406 1350 haberi

293 1390 426 1429 coepta
452 1382 515 1420 sit.
569 1382 647 1430 Qui
673 1392 793 1420 autem
821 1382 900 1420 fieri
927 1384 998 1421 hoc
1026 1382 1191 1430 potuerit
1212 1382 1406 1420 ostendere

294 1460 371 1492 non
399 1450 512 1500 hujus
538 1461 598 1489 est
625 1451 724 1498 loci,
755 1452 820 1488 sed
855 1463 902 1489 ex
931 1451 975 1488 iis
1003 1463 1096 1499 quae
1118 1450 1212 1489 infra
1239 1452 1408 1489 <ficentur

295 1520 383 1556 satis
411 1519 567 1568 patebit.
615 1521 688 1559 Hic
717 1521 823 1559 unice
850 1522 1029 1559 libertatis
1057 1531 1268 1570 spectamus
1293 1524 1408 1560 notio·

294 1601 390 1627 vem.
454 1589 606 1638 Itaque,
665 1601 758 1638 age,
807 1590 924 1628 varias
973 1591 1164 1628 hominum
1206 1591 1408 1629 sententias

296 1659 400 1707 prius
431 1659 593 1696 breviter
627 1671 880 1697 recenseamus
914 1671 950 1697 et
985 1662 1219 1708 exploremus
1238 1688 1249 1707 ,
1277 1660 1409 1703 deinde

298 1729 372 1777 ipsi
400 1740 477 1767 eam
504 1730 658 1767 definire
683 1741 878 1769 conemur.

348 1798 535 1837 Memorat
552 1800 665 1847 igitur
688 1798 1021 1846 Montesquivius,
1044 1799 1111 1836 Vir
1126 1798 1408 1846 celeberrimus,

298 1870 495 1913 nonnullas
529 1881 621 1917 quas
654 1869 834 1908 dederunt
871 1869 1030 1907 libertati
1058 1870 1095 1906 in
1121 1869 1271 1907 civitate
1297 1869 1410 1917 signi·

299 1937 504 1976 ficationes.
560 1967 593 1986 ‚‚
614 1939 685 1977 Les
709 1951 776 1976 ems
790 1937 833 1985 ‚'’
872 1938 1021 1986 inquit,
1059 1939 1194 1985 „l'ont
1213 1940 1296 1987 pris
1314 1949 1412 1988 pour

299 2008 339 2046 la
359 2008 522 2056 facilitd
541 2008 586 2046 de
615 2007 764 2061 deposer
786 2009 882 2046 celui
902 2011 927 2046 ἁ
954 2011 1021 2059 qui
1048 2009 1094 2046 ils
1123 2011 1269 2048 avoiant
1293 2007 1416 2048 donne!

301 2089 352 2114 un
379 2080 534 2128 pouvot'r
568 2081 822 2129 tyrannique‚·
863 2079 912 2117 les
937 2088 1066 2117 autres
1085 2089 1180 2128 pour
1205 2079 1243 2116 la
1259 2078 1417 2125 saculte'

299 2147 430 2185 d'elire
452 2148 547 2185 celui
562 2151 585 2186 ὰ
611 2151 676 2199 qui
697 2149 743 2186 ils
767 2148 930 2187 devoient
954 2147 1078 2196 obdim·
1102 2148 1294 2194 d'autrcs,
1316 2159 1413 2199 pour

299 2217 332 2254 le
359 2215 458 2255 droit
476 2216 599 2255 d’e'tre
623 2222 745 2255 arme‘s
760 2245 772 2264 ‚
799 2227 833 2255 ct
858 2217 902 2254 de
922 2219 1080 2269 pouvoir
1100 2229 1251 2255 exercet·
1273 2218 1312 2255 la
1336 2220 1413 2256 νὶο·

1339 2289 1415 2326 len-

342 2347 389 2388 (1)
414 2345 573 2391 Queritur
594 2347 633 2378 de
656 2359 693 2380 eo
713 2351 777 2390 jam
801 2349 936 2380 Isocrat.
959 2353 1041 2381 orat.
1065 2350 1110 2380 ad
1129 2349 1222 2380 Phil.
1243 2360 1277 2390 p.
1300 2351 1370 2387 103.
