1492 2896
339 220 719 263 PHlLOSOPHICO
735 242 748 249 -
764 219 1065 259 HISTORICA.
1190 230 1255 268 141

162 342 292 379 tatem,
335 341 510 379 quantum
550 332 695 375 liceret,
733 330 916 367 reducere.
981 328 1113 365 Dicere
1162 326 1255 364 enim

163 400 330 446 solebat,
365 412 404 437 se
437 411 587 447 regnum
621 398 764 436 minime
799 407 994 445 appetere,
1031 397 1101 435 nisi
1128 396 1165 434 id
1191 408 1256 444 per

164 465 263 512 ipsas
305 465 401 512 leges
451 463 628 510 reciperet
680 464 928 510 majorumque
980 460 1147 498 instituta
1175 460 1257 509 (1).

167 534 217 571 Et
241 544 355 580 vero,
375 544 431 570 res
455 544 628 581 prospere
656 531 687 568 ei
711 542 857 568 cessura
873 529 1028 577 primum
1047 529 1261 575 videbatur,

168 613 280 650 quum
315 610 449 650 sponte
482 602 525 639 ad
561 601 730 638 virtutem
756 611 796 637 se
823 600 1052 648 accingerent
1075 600 1258 648 juvenes,

164 670 343 710 libertatis
369 673 478 710 causa
504 679 614 718 prout
637 678 772 707 vestem
804 669 952 706 vivendi
977 668 1155 706 rationem
1182 679 1261 705 mu-

164 749 297 779 tantes.
351 741 427 793 Maj
437 751 519 778 ores
561 750 650 777 vero
684 747 771 776 natu
801 750 965 776 severam
1002 738 1168 787 Lycurgi
1208 737 1263 775 di-

164 810 379 859 sciplinam,
407 809 710 857 quemadmodum
737 809 927 846 dominum
954 821 973 846 e
996 809 1083 857 fuga
1108 810 1260 846 reduces

165 880 290 926 servi,
315 879 489 917 timebant
513 888 548 916 et
571 878 882 927 expavescebant,
917 879 1263 927 insectabanturque

163 951 252 988 adeo
278 950 524 997 deplorantem
553 948 774 996 reipublicae
798 957 931 985 statum
956 948 1110 997 Agidem
1132 961 1172 985 ac
1199 960 1262 986 ve-

163 1026 275 1055 terem
303 1018 565 1055 desiderantem
588 1019 739 1065 Spartae
762 1017 975 1065 dignitatem
989 1019 1072 1066 (2).
1105 1018 1260 1066 Agidis,

165 1097 274 1134 quem
309 1086 436 1124 deinde
478 1086 635 1134 perdidit
667 1097 758 1124 suus
803 1088 1021 1124 restituendi
1061 1088 1261 1125 libertatem

165 1156 330 1193 amissam
351 1157 457 1193 ardor
469 1183 480 1202 ,
504 1155 684 1192 laudabile
698 1158 903 1203 exemplum
919 1165 1066 1193 secutus
1080 1165 1134 1194 est
1152 1158 1262 1197 Cleo-

166 1236 312 1271 menes,
336 1225 396 1263 cui
411 1225 496 1262 item
521 1225 764 1273 displicebant
779 1236 899 1262 mores
920 1237 1006 1264 suae
1018 1225 1202 1273 civitatis,
1225 1229 1262 1266 in

164 1307 235 1343 qua
256 1296 333 1333 otio
348 1305 383 1333 et
409 1295 665 1344 voluptatibus
687 1296 977 1334 demulcerentur
1000 1297 1124 1343 cives,
1149 1298 1264 1346 negli-

165 1374 335 1413 gerentur
350 1377 407 1403 res
418 1364 588 1414 publicae
607 1373 642 1402 et
661 1364 797 1414 singuli
813 1367 889 1403 suis
905 1373 1045 1403 tantum
1059 1367 1264 1405 commodis

163 1434 416 1483 prospicerent
429 1437 512 1484 (3).
549 1436 620 1473 Sed
633 1435 744 1484 hujus
758 1435 862 1472 etiam
878 1435 960 1473 vani
974 1435 1077 1473 fuere
1090 1444 1262 1476 conatuS.

165 1505 402 1554 Posteaquam
442 1506 537 1543 enim
570 1506 799 1543 Achaeorum
831 1505 970 1542 civitati
1005 1505 1149 1553 praefici
1185 1515 1264 1545 stu-

163 1576 288 1614 duerat
311 1576 423 1623 idque
441 1587 514 1613 non
539 1576 697 1613 tulerant
721 1575 886 1619 Achaei,
920 1586 1088 1622 magnum
1117 1576 1185 1614 hos
1208 1578 1264 1613 in·

160 1655 215 1683 ter
239 1655 273 1683 et
300 1646 500 1694 Spartanos
527 1645 651 1681 odium
681 1645 892 1691 bellumque
918 1644 1074 1684 exstitit.
1125 1647 1263 1684 Achaei

165 1717 337 1754 auxilium
364 1715 458 1753 nacti
480 1715 524 1752 ab
550 1713 742 1763 Antigono
765 1715 936 1751 Dosonte
957 1715 1192 1752 Cleomenem
1217 1717 1261 1753 ad

165 1785 348 1823 Sellasiam
367 1784 548 1822 devictum
577 1783 764 1830 fugarunt.
805 1783 865 1820 Ab
890 1783 961 1819 hoc.
988 1783 1071 1820 inde
1096 1791 1260 1831 tempore

165 1855 311 1892 evanuit
341 1854 489 1901 Spartae
516 1863 648 1890 nomen
676 1854 889 1898 decusque,
917 1861 953 1891 et
980 1854 1142 1900 tyrannis
1172 1855 1260 1892 sub-

162 1925 256 1972 jecta
278 1924 407 1960 misere
423 1922 553 1960 civitas
569 1922 725 1971 languit.
768 1923 963 1961 Exstincta
990 1911 1082 1960 enim
1106 1936 1258 1972 prorsus

166 2003 220 2031 est
235 1992 384 2040 antiqua
399 1991 528 2040 populi
544 1991 661 2029 virtus
672 2021 684 2037 .‚
704 1992 844 2040 quique
859 1992 939 2030 sine
954 1993 1147 2031 moenibus
1160 1994 1259 2034 cives

166 2062 322 2112 plurima
357 2063 497 2099 saecula
534 2061 670 2108 liberi,
707 2062 901 2109 aliquando
923 2062 1044 2099 etiam
1077 2063 1259 2111 principes

1147 2133 1261 2171 Grae-

205 2210 252 2250 (ι)
279 2207 438 2238 Plutarch.
470 2209 539 2237 Vil.
556 2208 655 2248 Agicl.
678 2218 706 2237 c.
729 2207 758 2238 4.
780 2208 803 2236 s.

202 2263 249 2302 (τι)
276 2261 437 2293 Plutarch.
460 2262 480 2292 l.
497 2261 519 2292 Ι.
542 2272 569 2291 c.
584 2261 613 2291 6.

204 2315 250 2354 (ὃ)
275 2314 435 2345 Plutarch.
465 2316 536 2345 Vit.
553 2316 669 2344 Cleom.
691 2324 719 2345 c.
735 2324 764 2345 2.
780 2325 828 2353 sq.
