1492 2896
275 203 664 269 PtIILOSOPfflCO
678 220 1014 264 -fflsTo1ucA.
1165 238 1215 276 45

91 327 234 367 catione
257 337 293 366 et
318 328 579 378 institutione,
609 342 716 378 quam
743 344 763 370 a
782 333 928 382 legibus
943 346 1097 384 prorsus
1123 347 1214 385 pen-

92 401 237 439 dentem
273 385 394 449 legum
433 402 605 440 custodes
643 402 724 440 sive
760 403 996 451 magistratus
1029 415 1213 453 perpetuo

95 470 348 519 inspiciebant
383 482 423 508 ac
451 472 744 521 cognoscebant.
812 473 909 523 Quia
947 475 1042 512 enim
1070 475 1108 513 id
1146 487 1215 514 vo-

83 538 216 585 ,lebant
241 541 480 588 potissimum
511 544 636 590 leges,
668 552 707 580 ut
734 552 768 579 et
796 544 933 581 scelera
952 545 1085 592 poenis
1105 548 1212 584 coer-

84 619 262 661 ,cerentur
301 619 337 648 et
378 611 571 649 hominum
614 612 750 650 malitia
793 623 983 651 erueretur
1030 615 1209 654 radicitus

90 679 287 728 virtusque
317 679 465 729 publica
506 689 542 718 et
577 681 718 729 pr1vata
755 683 793 720 in
828 694 955 721 eorum
983 683 1127 722 animos
1154 685 1212 723 in-

90 747 335 798 funderetur,
375 761 579 799 puerorum
615 751 697 789 illae
736 753 997 791 enutritionem
1025 754 1210 803 imprimis

88 819 266 858 curabant
299 829 412 868 atque
446 820 497 859 ita
524 821 640 871 hujus
669 822 810 860 ratione
837 823 1118 871 praescribenda
1147 824 1210 864 fir·

87 890 295 928 missimum
329 891 513 928 habebant
545 892 766 940 praesidium
795 894 839 931 ad
868 894 904 931 id
931 895 1035 942 quod
1060 905 1207 944 specta-

79 958 176 1009 bant
202 959 448 1011 efficiendum.
509 962 696 1010 Quocirca
724 963 811 1001 haec
838 963 961 1002 civilis
989 967 1088 1013 apud
1113 967 1208 1005 anti-

85 1038 183 1074 quos
205 1029 423 1076 prudentiae
447 1031 566 1069 veluti
587 1039 671 1083 'arx
697 1041 754 1070 est
781 1033 959 1081 dicenda,
988 1043 1030 1072 ut
1052 1035 1203 1081 civibus

82 1090 302 1150 disciplinae
318 1102 531 1148 procuratio
545 1102 690 1150 legibus
706 1103 800 1150 ipsis
815 1108 1101 1154 consignaretur
1115 1104 1201 1155 (ι),

82 1166 331 1220 Verissimum
373 1169 469 1206 enim
505 1180 540 1208 et
576 1170 753 1210 historiae
799 1173 1204 1223 testimonioegregie

81 1236 342 1276 confirmatum
374 1239 550 1278 Isocratis
585 1242 797 1289 monitum,
842 1247 958 1290 „7qu
987 1246 1054 1293 μὲν
1086 1251 1202 1291 κακῶς

78 1310 340 1357 τεθραμμένους
376 1313 435 1350 καὶ
484 1314 564 1356 τοὺς
614 1315 770 1362 ἀκριβῶς
805 1319 872 1354 τῶν
920 1315 1030 1363 νόμων
1065 1318 1204 1364 ἄναγε-

68 1379 306 1434 ,γραμμένους
349 1383 543 1429 τολμήσειν
596 1385 850 1435 παραβαίνειν·
888 1387 969 1430 τοὺς
1010 1388 1047 1426 δὲ
1082 1391 1201 1432 καλῶς

76 1450 380 1496 πεπαιδευμένους
425 1452 485 1490 καὶ
530 1458 601 1496 τοῖς
643 1455 769 1497 ἁπλῶς
815 1456 984 1504 κειμένοις
1026 1457 1203 1503 ἐθελήσειν

74 1517 365 1568 ε’μμένειν”(ε).
415 1519 634 1558 Habebatur
655 1523 704 1559 ita
733 1551 756 1570 ‚‚
769 1526 913 1565 παιδεία
930 1527 1099 1571 ἧπαίδων
1111 1529 1200 1574 ὁλκή

73 1603 114 1626 τε
147 1588 207 1626 καὶ
242 1591 374 1636 ἀγωγὴ
415 1593 499 1639 πρὸς
538 1593 597 1634 τὸν
635 1595 701 1635 ὑπὸ
741 1596 802 1632 τοῦ
842 1594 945 1642 νόμου
974 1595 1082 1642 λόγον
1107 1598 1199 1647 ὀρθὸν

74 1657 275 1705 εἶρημένον”
309 1658 394 1706 (3).
459 1660 571 1698 Unde
613 1661 720 1698 etiam
763 1662 897 1699 merito
937 1663 1197 1706 existimabant

74 1733 239 1773 vetereS,
275 1731 358 1774 „455
387 1728 426 1770 εὖ
451 1733 517 1778 μὲν
544 1733 751 1781 τραφέντων
778 1735 836 1772 καὶ
874 1737 1098 1791 τρεφομένων
1125 1742 1193 1780 «τῶν

1090 1807 1192 1852 νέων.

116 1856 164 1898 (ι)
189 1857 228 1888 In
247 1860 459 1897 proverbium
485 1862 630 1899 scilicet,
655 1864 702 1892 uti
727 1863 812 1901 apud
835 1863 1010 1895 Platonem·
1024 1869 1187 1910 occurrit,

71 1913 215 1952 abierat,
249 1913 397 1954 „ncc‘wt'
438 1917 541 1960 ἄνέρα
575 1921 634 1953 καὶ
667 1919 799 1960 παῖδα,
829 1924 924 1956 κατὰ
952 1924 992 1957 τὸ
1021 1923 1189 1971 ἔννοια-ὃν,

71 1970 115 2010 ὣς
149 1972 210 2011 τῆς
264 1973 394 2013 πόλεως
436 1978 576 2016 μᾶλλον
625 1977 643 2015 ἢ
697 1981 762 2012 τῶν
812 1979 1013 2023 γεννητόρων
1064 1981 1187 2024 ὄντας,

68 2027 271 2063 παιδευτέον
299 2028 338 2072 ἐξ
368 2031 520 2075 ἀνάγκης
534 2031 568 2073 ,”
590 2036 628 2064 de
649 2037 754 2077 Legg.
788 2035 863 2067 Lib.
887 2036 968 2068 VII.
989 2049 1022 2077 p.
1043 2040 1116 2072 804.
1141 2043 1186 2075 D.

110 2083 159 2123 (2)
186 2083 289 2114 lsocr.
314 2087 411 2119 Orat.
434 2088 559 2128 Areos).
585 2099 618 2127 p.
644 2089 712 2120 148.
767 2089 893 2123 Locum
921 2097 1112 2132 corruptum
1139 2096 1186 2128 ita

68 2136 210 2165 restituit
230 2135 419 2177 Bergmann,

62 2179 69 2185 ¹
107 2188 160 2228 (5)
182 2188 298 2228 Plato,
321 2193 359 2221 de
380 2193 482 2234 Legg.
504 2193 580 2224 Lib.
604 2194 652 2226 11.
677 2206 710 2234 p.
729 2195 801 2236 659.
817 2196 861 2227 D.
903 2197 1044 2238 Rogatus
1066 2199 1183 2236 Xen0-‚

70 2245 188 2282 entes,
211 2245 289 2285 quid
303 2251 551 2286 assequerentur
568 2250 638 2288 ejus
653 2251 804 2288 discipuii
817 2273 825 2288 ‚
840 2253 1045 2291 respondisse
1059 2255 1182 2293 fertur,

48 2320 52 2326 .
69 2301 108 2325 ut
126 2298 161 2327 id
176 2309 239 2329 sua
258 2305 379 2340 sponte
394 2301 556 2341 facerent
571 2323 579 2340 ,
602 2305 690 2344 quod
705 2310 899 2343 cogerentur
907 2306 1026 2346 facere
1040 2308 1180 2348 legibus,

65 2348 136 2380 Cic·
155 2351 192 2381 de
205 2353 289 2393 Κεφ.
311 2351 387 2382 Lib.
412 2352 440 2383 I.
466 2363 493 2384 e.
520 2364 550 2385 2.
