1492 2896
267 261 316 306 φτ»
668 258 981 308 ursonisirio

267 372 392 409 νοοῦντι
441 370 479 408 τὸ
518 367 693 409 ἑκούσιου”
724 368 812 416 (1).
891 369 1193 417 praeceptoribus
1229 370 1370 419 igitur,

267 450 425 486 quorum
459 446 641 486 spectatae
676 437 825 474 virtutis
850 449 971 475 curam
1000 439 1246 488 maximopere
1269 450 1370 489 gerat

263 513 356 548 bene
380 518 518 546 morata
542 509 697 553 civitas,
730 508 766 544 id
793 508 970 555 imprimis
997 509 1217 548 studendum
1249 519 1305 549 est
1333 511 1370 548 in

263 580 487 619 instituenda
511 579 707 627 juventute
728 605 740 624 ,
775 585 815 614 ut
842 577 877 614 in
901 578 1077 626 juvenum
1103 579 1235 619 animis
1261 581 1372 618 ratio·

262 654 321 690 nis
347 651 421 690 vim
448 651 546 687 alant
562 678 574 696 ,
611 659 688 685 eam
717 648 764 686 ita
790 658 916 695 regant
943 656 980 685 et
1003 649 1048 686 ad
1077 650 1252 689 virtutem
1281 651 1370 690 diri-

266 731 379 770 gant,
421 730 461 758 ut
499 719 571 767 ipsi
596 718 739 756 tandem
771 719 954 767 Juvenes,
982 729 1053 756 suo
1077 719 1201 757 Marte
1231 720 1369 758 virtute

262 791 435 839 religiose
448 790 628 837 colenda,
656 789 829 826 moralem
850 788 920 825 sibi
933 789 1136 826 libertatem
1162 789 1367 828 vindicent.

262 862 315 901 Et
342 861 389 898 ita
416 859 587 908 profecto
614 867 684 896 est.
753 858 906 896 Homini
943 870 1007 907 per
1044 870 1085 896 se
1124 859 1274 898 libertas
1306 860 1370 899 vix

261 931 534 976 vindicabitur3
578 928 753 989 qnocircq
800 929 928 966 morali
977 928 1213 966 institutione
1254 929 1371 968 discat

260 1011 434 1051 oportet,
469 1000 659 1048 quomodo
694 1007 731 1036 et
767 998 889 1046 possit
920 1007 957 1036 et
989 999 1119 1037 debeat
1146 998 1369 1047 cupiditates

262 1072 432 1121 subigere
471 1080 506 1108 et
548 1070 639 1107 liber
683 1069 849 1107 evadere.
925 1069 1071 1118 Quodsi
1110 1069 1204 1106 enim
1239 1069 1370 1107 civitas

259 1154 458 1193 puerorum
495 1139 764 1178 institutionem
792 1150 919 1187 parum
946 1147 1072 1185 curat,
1097 1147 1267 1186 parentes
1291 1147 1369 1176 tan-

261 1225 340 1253 tum
376 1223 453 1250 non
485 1211 706 1258 negligunt,
741 1208 821 1246 fieri
854 1208 958 1245 aliter
992 1208 1057 1246 vix
1093 1217 1219 1256 potest
1245 1207 1367 1256 quin,

261 1282 415 1323 naturali
448 1281 616 1319 libertate
651 1277 809 1320 amissa,
846 1290 937 1325 puer
972 1278 1017 1316 ad
1044 1278 1184 1316 virilem
1214 1286 1366 1316 aetatem

259 1354 407 1391 adultus
442 1361 552 1390 saevo
584 1360 778 1396 pravarum
812 1349 1032 1396 opinionum
1051 1377 1063 1395 ,
1091 1348 1334 1397 cupiditatum
1355 1378 1368 1395 ,

263 1424 494 1470 voluptatum
532 1419 621 1456 adeo
657 1417 811 1466 imperio
842 1429 925 1455 eum
951 1417 988 1454 in
1020 1419 1169 1457 modum
1192 1418 1368 1468 subjicia-

262 1503 349 1538 tur,
379 1501 419 1528 ut
447 1490 482 1527 in
511 1489 721 1526 vilissimam
745 1488 960 1525 detrudatur
981 1488 1194 1526 servitutem
1217 1499 1284 1526 nec
1303 1489 1368 1536 qui

264 1562 377 1599 homo
406 1559 611 1607 appelletur
641 1557 798 1604 amplius
831 1556 964 1604 dignus
993 1556 1055 1595 sit.
1120 1557 1246 1606 Quum
1279 1570 1366 1596 vero

263 1631 470 1678 antiquitus
496 1638 638 1665 nic-rum
662 1627 969 1663 emendandorum
995 1625 1072 1663 viae
1097 1625 1243 1674 legibus
1261 1638 1364 1674 prae-

264 1701 512 1740 scriberentur
544 1706 579 1735 et
617 1694 880 1743 philosophia,
919 1706 989 1732 nos
1024 1706 1098 1732 eam
1141 1695 1277 1734 inimus
1314 1709 1368 1735 ra-

263 1772 433 1816 tionem,
470 1777 511 1805 ut
549 1778 606 1804 eas
634 1777 653 1802 e
680 1776 799 1803 rerum
827 1764 982 1802 maxime
1008 1765 1221 1812 cognitione
1245 1775 1280 1804 et
1302 1768 1370 1805 do·

263 1842 380 1881 ctrina
405 1837 673 1887 percipiamus,
697 1844 732 1871 et
758 1835 931 1881 quoniam
955 1835 1084 1882 religio
1111 1844 1237 1874 nostra
1257 1837 1371 1876 Chri-

263 1912 378 1949 stiana
399 1909 568 1947 Ethicam
599 1905 670 1942 sibi
695 1904 917 1950 vindicavit,
950 1905 995 1941 ab
1024 1906 1090 1942 hac
1126 1917 1271 1944 omnem
1306 1918 1369 1956 pe-

263 1992 381 2020 tamus
407 1977 704 2021 institutionem,
735 1987 818 2012 cum
850 1974 1022 2022 puerilem
1054 1984 1129 2012 tum
1156 1977 1367 2023 provectio-

263 2053 313 2089 ris
343 2049 485 2088 aetatis.
539 2046 736 2092 Denique,
778 2053 861 2081 utut
891 2054 977 2088 est,
1013 2044 1093 2081 sive
1126 2045 1365 2094 philosophia

262 2136 326 2161 seu
356 2120 532 2168 religione
567 2116 674 2153 animi
707 2114 973 2151 correctionem
1013 2123 1048 2150 et
1078 2115 1256 2152 libertatis
1288 2116 1369 2152 vin-

261 2195 392 2231 dictam
423 2189 486 2227 tibi
511 2186 730 2233 conquirere
755 2184 901 2221 studeas
922 2211 933 2228 ,
969 2185 1155 2221 verissima
1183 2185 1269 2221 hacc
1295 2198 1367 2223 uia-

262 2275 322 2300 net
352 2258 547 2300 Ciceronis
574 2255 778 2293 sententia:
819 2281 841 2298 ,,
860 2254 1003 2301 Quodsi
1034 2256 1120 2290 tales
1147 2265 1216 2290 nos
1240 2265 1367 2293 natura

1311 2340 1369 2365 {⁷12-

308 2389 356 2428 (1)
387 2380 548 2415 Plutarch.
572 2382 649 2420 Περὶ
681 2378 742 2412 τοῦ
767 2375 917 2414 ἀκούειν,
945 2378 1018 2409 voi.
1046 2378 1104 2410 Vl.
1129 2391 1159 2419 p.
1183 2382 1248 2412 135.
1311 2364 1330 2376 δ’
