1492 2896
247 248 320 286 166
393 245 721 298 DISQUISITIO
748 246 1202 290 PHILOS.-HISTOK.

246 358 361 404 bant,
397 357 463 394 sed
490 356 659 395 lasciviae
689 365 724 395 et
749 356 965 405 dicacitati,
1001 369 1067 408 per
1101 371 1197 408 quae
1226 369 1353 398 neces·

245 428 342 466 sario
366 426 554 475 paullatim
582 427 809 474 impudentia
835 427 1000 476 inrepere
1025 437 1063 466 et
1088 429 1147 467 sui
1168 428 1352 478 alienique

245 506 482 546 contemptus
519 496 676 535 debebat
696 497 779 546 (1).
837 523 862 544 „
879 497 1033 535 Animus
1054 497 1218 537 imbutus
1246 497 1352 536 malis

244 568 385 607 artibus
408 568 507 606 haud
529 566 636 606 facile
663 566 893 606 lubidinibus
918 567 1091 615 carebat,
1121 579 1240 616 eoque
1265 580 1353 617 pro-

244 637 370 676 fusius
403 647 479 676 erat
510 638 684 676 omnibus
717 638 836 677 modis
872 637 1042 686 quaestui
1075 645 1187 686 atque
1212 637 1354 676 sumtui

243 707 418 745 deditus’'
439 706 524 756 (ε).
563 707 776 757 Respiravit
800 708 1024 756 aliquamdiu
1052 707 1260 756 respublica
1281 707 1353 746 sub

244 778 474 825 Antoninis,
512 777 650 826 quibus
679 778 710 815 si
737 777 874 816 similes
901 776 1170 815 successissent
1194 777 1354 825 Impera·

243 859 371 896 tores,
408 849 567 887 fortasse
599 849 791 886 restitutae
828 847 988 885 fuissent
1023 847 1157 896 populi
1193 846 1355 885 Romani

242 931 315 958 res.
367 917 564 969 Quidquid
599 926 683 964 est,
718 916 855 966 negligi
890 917 935 955 ab
974 917 1045 955 hoc
1072 916 1158 955 inde
1184 925 1352 965 tempore

240 989 366 1038 coepit
401 999 459 1026 res
496 987 690 1034 militaris,
734 987 919 1035 exstingui
956 986 1034 1026 fere
1073 995 1177 1025 totus
1213 986 1351 1036 patriae

242 1070 370 1105 amor,
397 1057 478 1095 tolli
505 1056 644 1094 civium
670 1056 911 1105 conjunctio,
949 1066 1021 1104 qua
1046 1063 1215 1092 constare
1240 1053 1351 1092 debet

243 1129 480 1179 respublica,
516 1126 635 1164 amitti
676 1125 841 1164 libertas.
894 1125 1031 1164 Extera
1062 1134 1184 1162 autem
1217 1123 1352 1162 auxilia

243 1208 377 1246 magno
404 1196 526 1244 pretio
552 1197 597 1234 ad
622 1194 711 1232 belli
735 1206 843 1233 usum
869 1194 1138 1241 conducendo,
1172 1192 1245 1242 ipsi
1271 1193 1351 1231 Ro-

244 1268 341 1307 mani
374 1275 545 1306 auctores
581 1265 759 1311 fuerunt,
794 1272 836 1302 ut
872 1271 999 1313 gentes
1026 1264 1108 1301 illae
1137 1273 1223 1301 cum
1249 1262 1350 1301 inva-

242 1342 421 1378 lescerent
448 1345 525 1374 tum
554 1335 743 1385 imperium
772 1334 983 1372 Romanum
1010 1342 1248 1382 occuparent.

285 1485 334 1525 (ι)
361 1484 458 1513 Αιιοῑ.
479 1483 575 1512 Βὶαῐ.
597 1483 635 1512 de
657 1484 769 1512 Oratt.
791 1490 820 1510 c·
843 1491 894 1521 29·

283 1539 333 1579 (2)
357 1537 436 1569 sau.
466 1539 507 1567 B.
540 1538 577 1568 C.
605 1546 632 1566 c.
666 1536 716 1567 15.
763 1534 841 1564 Vid.
872 1534 1001 1564 omnino
1031 1544 1089 1566 vau
1111 1533 1170 1564 den
1195 1532 1348 1572 velden,

240 1592 263 1623 1.
283 1591 308 1623 l.
330 1602 362 1632 p.
385 1590 455 1622 114.
476 1600 549 1630 sqq.

1257 2433 1353 2471 EPI-
