1492 2896
277 284 338 329 26
530 284 619 331 PH.
650 284 704 331 G.
731 297 835 330 VAN
865 282 1123 339 HEUSDE,

279 420 394 480 quod
417 421 526 466 laeto
548 420 631 465 hoe
660 420 726 466 die
749 421 957 467 exsultetis
985 422 1161 481 gaudio,
1190 422 1247 467 ita
1274 418 1383 480 gau-

280 496 393 544 dium
442 511 520 542 nos
562 504 752 542 nostrum
801 497 921 542 vobis
957 497 1179 543 maximam
1218 504 1382 557 partem

281 583 497 635 acceptum
534 575 762 622 reserimus.
823 575 929 620 Nam
964 574 1049 620 sive
1088 573 1301 633 quaeritur
1330 573 1384 618 de

278 652 424 698 studiis
454 652 760 705 doctrinarum,
790 659 953 698 exstant
971 652 1198 697 industriae
1222 658 1385 697 vestrae

279 736 321 775 et
361 744 657 790 progressuum
710 729 983 774 documenta:
1023 729 1110 775 sive
1146 727 1383 773 humanitas

280 807 414 865 agitur
439 814 573 851 vestra
595 821 841 865 morumque
864 806 1089 860 honestas,
1118 806 1261 851 laudat
1292 819 1384 851 eam

280 883 392 943 apud
423 899 501 929 nos
525 885 678 928 nullum
701 899 784 929 non
815 883 1029 937 hominum
1060 883 1205 929 cultius
1230 897 1383 942 genus,

277 967 451 1018 uterque
487 960 595 1005 adeo
620 975 761 1004 sexus:
805 960 891 1004 sive
917 960 1040 1005 etiam
1069 967 1205 1006 vestra
1228 967 1268 1004 et
1291 960 1385 1004 for-

278 1037 414 1083 titudo
439 1045 477 1083 et
501 1037 662 1097 patriae
691 1036 844 1082 caritas
872 1036 1108 1095 quaeritur,
1136 1036 1385 1081 difficillimis

278 1114 389 1160 hanc
440 1113 654 1175 probastis
707 1114 867 1173 patriae
900 1113 1174 1173 temporibus.
1261 1114 1385 1157 Nune

279 1200 440 1245 autem,
484 1207 577 1237 cum
609 1191 782 1236 instaret
808 1191 988 1235 Palladis
1017 1198 1186 1235 nostrae
1208 1190 1356 1235 festum
1373 1222 1384 1242 ,

278 1269 471 1314 admirati
515 1283 659 1314 omnes
699 1283 841 1313 sumus
878 1268 921 1312 in
953 1268 1079 1312 rebus
1115 1267 1385 1313 moderandis

276 1346 626 1406 perficiendisque
653 1360 739 1389 non
763 1344 897 1389 solum
921 1344 1100 1389 studium
1118 1377 1130 1398 ‚
1161 1344 1235 1389 sed
1262 1344 1384 1389 etiam

277 1424 529 1483 diligentiam
569 1423 918 1483 prudentiamque
957 1429 1150 1467 vestram.
1222 1421 1386 1466 Remu-

277 1509 471 1548 neratura
498 1501 667 1559 jamjam
692 1499 810 1544 vobis
833 1499 937 1544 haee
959 1499 1123 1551 officia,
1153 1498 1235 1557 ipsi
1257 1513 1384 1558 prae-

278 1579 397 1633 stita,
440 1579 577 1624 Pallas
605 1585 748 1622 nostra
774 1584 861 1628 est,
904 1590 1075 1620 nummo
1100 1575 1219 1619 vobis
1251 1575 1385 1633 grati-

276 1656 468 1709 ficando,
500 1656 575 1715 qui
588 1655 719 1715 ipsius
741 1652 960 1711 imaginem
981 1667 1217 1711 expressam
1234 1652 1361 1698 habet
1374 1670 1385 1707 3

279 1734 351 1779 sed
383 1733 554 1784 eadem,
585 1730 686 1775 mihi
711 1730 894 1783 credite,
927 1729 1118 1783 sodales,
1150 1729 1283 1774 donec
1312 1746 1384 1774 sa-

276 1810 457 1872 pientiae
479 1809 645 1854 studere
668 1807 850 1867 pergetis
864 1839 877 1859 ‚
904 1807 1136 1864 majoribus
1151 1821 1225 1851 vos
1241 1807 1386 1860 etiam,

274 1889 361 1935 imo
402 1887 550 1932 divinis
580 1884 821 1930 muneribus
847 1885 1052 1930 donatura
1080 1883 1276 1943 deinceps
1306 1892 1380 1929 est.

277 1966 499 2013 Nummum
540 1970 677 2008 autem
714 1961 827 2008 illum
860 1963 1189 2020 quotiescunque
1211 1962 1385 2021 inspec-

277 2042 359 2087 turi
390 2041 514 2092 estiS,
558 2032 682 2085 toties
725 2047 765 2086 et
800 2039 932 2084 almae
963 2039 1085 2097 hujus
1110 2039 1255 2083 matris
1287 2055 1384 2084 ves-

274 2128 369 2165 trae
392 2126 432 2164 et
459 2118 621 2163 divinae
643 2117 685 2161 in
712 2117 800 2174 ejus
820 2132 889 2161 res
912 2116 1199 2175 providentiae
1220 2130 1385 2160 memo-

278 2211 346 2242 res
369 2202 512 2242 estote.
576 2194 691 2240 Haec
730 2192 887 2238 scilieet
922 2193 1048 2238 verba
1073 2194 1115 2237 in
1137 2200 1381 2252 perpetuam

278 2274 336 2320 rei
365 2273 608 2318 memoriam
639 2260 839 2330 inscripta
869 2269 1024 2314 habet:

529 2363 645 2394 posu*
677 2360 808 2393 FATA
846 2360 1128 2392 suffusam.
