1492 2896
479 274 871 326 ORATlo.
1164 265 1219 319 6'5'

112 417 260 467 statum
313 422 525 480 publicum
573 428 837 481 perspectum
890 417 1084 462 habuisse
1136 408 1218 460 sibi

106 497 218 542 visus
268 505 350 551 est,
410 512 502 542 eum
550 498 666 555 quasi
707 497 902 541 omnibus
955 498 1215 538 com'munem

105 574 230 618 fuisse
261 575 522 634 praesumsit.
583 575 740 618 Eorum
779 586 886 630 quae
920 571 1087 631 publice
1123 577 1215 614 acta

105 657 202 693 sunt
231 650 426 694 Caroli
459 652 506 696 V.
539 658 697 701 aetate,
728 651 782 693 ad
825 649 1099 693 definiendam
1137 662 1216 691 ne-

106 726 398 772 cessitudinem
439 725 656 786 regionum‘
699 727 961 785 Belgicarum
997 739 1092 769 cum
1126 724 1216 767 lm-

103 804 224 862 perio
257 804 532 858 Germanico,
564 819 617 848 ne
658 805 787 849 verbo
824 803 991 861 quidem
1031 801 1216 845 mentio-

101 893 198 924 nem
234 880 342 925 fecit.
403 881 520 939 Quae
556 890 692 926 autem
730 882 781 926 de
815 881 882 925 illa
910 879 1214 925 necessitudine

100 955 195 1015 ipsa
223 971 356 1015 pauca
385 958 663 1017 interposuit,
696 973 743 1003 ea
770 959 892 1016 longe
920 954 1066 1002 abesse
1102 971 1126 999 a
1156 956 1216 999 rei

103 1033 303 1087 veritate,
332 1035 538 1078 levissimo
572 1049 738 1092 quoque
773 1042 946 1093 aspectu
975 1033 1216 1092 deprehen-

100 1108 230 1155 ditur.
290 1107 556 1162 Offendunt,
588 1124 756 1168 quoque
785 1112 865 1154 alia
899 1112 1025 1154 multa
1054 1110 1098 1152 in
1131 1110 1213 1154 hoc

100 1185 326 1244 specimine
356 1200 442 1230 non
484 1187 617 1230 solum
658 1203 682 1231 a
720 1187 822 1245 juris
861 1202 1003 1231 eorum
1045 1195 1215 1244 tempo·-

99 1277 193 1306 rum
220 1263 404 1317 ratione,
460 1279 598 1309 verum
647 1265 768 1309 etiam
807 1265 861 1308 ab
897 1264 1094 1308 historiae
1133 1264 1216 1307 fide

98 1337 260 1392 aliena,
305 1354 412 1397 quos
448 1354 612 1385 errores
649 1342 780 1385 vitare
811 1341 1015 1400 potuisset
1042 1347 1213 1392 auctor,

101 1429 196 1460 cum
235 1417 486 1475 diligentiori
527 1418 700 1462 fontium
745 1417 1086 1476 investigatione,
1125 1425 1214 1461 tum

99 1492 353 1537 adcuratiori
377 1494 612 1552 cognitione
634 1510 756 1539 verae
779 1493 1092 1553 significationis
1122 1510 1216 1538 ver·-

100 1569 276 1622 borum‚
321 1571 471 1627 quihus
499 1579 598 1615 tunc
624 1573 828 1631 temporis
859 1572 999 1615 variae
1023 1571 1216 1629 publicae

98 1648 317 1705 potestatis
346 1656 487 1707 partes
515 1650 718 1708 appellari
752 1650 957 1694 solebant.
1019 1649 1215 1693 Nonnulli

99 1735 243 1768 eorum
285 1739 474 1768 errorum
515 1725 679 1788 utiique
720 1727 938 1784 specimini
973 1739 1216 1769 communes

100 1807 225 1852 sunt;
264 1801 388 1859 longe
427 1803 567 1860 plures
600 1816 698 1847 vero
726 1803 769 1845 in
798 1817 849 1846 eo
879 1802 1216 1860 conspiciuntur-3

102 1876 217 1932 quod
251 1879 476 1936 posteriori
498 1880 595 1922 loco
637 1886 910 1923 memoratum
947 1885 1021 1922 est.
1084 1878 1217 1921 Prae-

100 1952 185 1996 mio
218 1954 386 2006 ornari,
427 1956 486 1997 ob
527 1970 673 1999 causas
724 1955 961 2013 expositas,
1020 1963 1212 1998 neutrum

101 2037 252 2088 potest.

150 2241 326 2286 ‘Vidistis
346 2243 524 2287 Juvcnes
559 2244 836 2298 ornatissimi,
869 2260 993 2301 quam
1032 2245 1215 2302 gloriosa

101 2316 153 2360 sit
177 2320 411 2362 certaminis
446 2321 546 2364 Litei
559 2321 633 2364 arii
662 2321 845 2366 victoria.
879 2345 930 2354 —
963 2324 1108 2365 Novas
1137 2337 1215 2365 ειη-

1014 2398 1039 2443 5
