1492 2896
298 267 354 307 28
554 265 638 308 PH.
672 267 723 309 G.
755 279 857 309 vAu
890 265 1153 319 HEUSDE,

353 396 468 462 Festi
504 398 751 449 saecularis,
788 399 902 456 quod
930 399 1080 444 iterum
1117 400 1401 454 celebramus,

296 472 675 538 inaugurationem,
708 475 904 521 hesterno
933 477 1023 529 die,
1052 485 1278 537 praeeunte
1305 493 1417 538 eru--

298 550 500 596 ditissimo
527 551 906 611 humanissimoque
932 554 1207 608 Boumanno‚
1236 555 1329 614 pie,
1360 562 1406 599 ut

295 641 374 686 par
412 636 525 683 erat,
563 629 817 679 institutam,
849 645 959 675 nunc
1000 631 1267 677 humanitatis
1298 633 1407 677 doc-

295 703 583 764 trium-umque
610 708 843 751 recolendis
872 708 1018 753 studiis
1034 741 1046 762 ,
1076 709 1131 753 ad
1155 709 1280 753 finem
1303 724 1406 768 per-

295 779 498 828 duximus.
579 783 750 836 Restat,
786 792 830 828 ut
861 785 1019 830 civibus
1059 785 1405 844 hospitibusque,

293 857 392 903 viris
418 859 863 920 praecipuevdoctrina
896 862 1135 919 meritisque
1160 862 1205 905 in
1225 862 1402 921 patriam

292 935 440 988 claris,
483 936 555 996 qui
598 937 662 982 his
702 938 977 984 interfuerunt
1013 939 1292 991 solemnibus,
1323 953 1405 998 pro

291 1012 431 1058 studio
460 1021 500 1058 et
526 1014 693 1064 favore,
724 1015 880 1073 gratias
909 1031 1045 1074 agam.
1107 1016 1154 1059 111
1186 1015 1338 1072 quibus
1360 1023 1404 1060 tu

293 1088 396 1133 mihi
411 1090 655 1135 nominatim
671 1092 984 1151 compellandus
1001 1108 1045 1136 es
1061 1124 1073 1145 ‚
1099 1092 1275 1137 Maurici
1293 1092 1404 1136 Cor-

294 1166 374 1210 neli
405 1181 482 1211 van
505 1167 625 1221 Han,
655 1168 728 1212 Vir
751 1168 1016 1228 amplissime.
1062 1169 1170 1213 Tres
1194 1169 1286 1212 illos
1309 1169 1403 1212 lau-

295 1242 390 1287 davi
418 1251 567 1304 poetas
584 1276 597 1295 ,
629 1245 699 1302 qui
728 1246 912 1290 carmine
943 1245 1207 1289 celebrarunt
1233 1245 1405 1289 Acade-

294 1319 417 1364 miam
450 1328 661 1376 nostram3
697 1322 772 1367 tibi
809 1337 908 1366 vero
943 1323 1026 1367 hoc
1057 1322 1327 1376 debebimus,
1359 1327 1403 1366 ut

293 1396 450 1441 musice
483 1412 566 1442 non
605 1398 740 1443 minus
778 1399 1019 1453 harmonia,
1053 1415 1178 1457 quam
1203 1400 1241 1444 vi
1263 1407 1303 1444 et
1330 1415 1406 1444 su-

293 1472 492 1519 blimitate
521 1489 698 1534 poeseos
731 1477 878 1520 festum
912 1477 994 1520 hoc
1027 1484 1215 1521 nostrum
1245 1476 1406 1521 exhila-

292 1558 419 1597 retur.
480 1552 544 1597 Ex
581 1568 665 1611 quo
697 1560 741 1596 ut
770 1568 846 1611 spe
876 1561 915 1597 et
943 1554 1254 1612 exspectatione
1286 1569 1405 1598 sum-

292 1645 404 1674 mam
431 1629 713 1689 praecipimus
734 1630 894 1692 aurium
920 1631 1237 1687 animorumque
1256 1631 1406 1675 oblec-

294 1706 519 1755 tationem,
556 1708 612 1751 ita
647 1707 748 1759 tibi,
782 1715 825 1750 ut
856 1708 1064 1751 oblectent
1095 1715 1136 1752 te
1168 1723 1327 1767 porro,
1359 1707 1404 1750 in

292 1784 546 1850 gravissimis
578 1785 782 1847 obeundis
810 1785 1051 1830 muneribus
1068 1817 1080 1837 ,
1109 1785 1253 1829 Musae
1281 1792 1375 1829 tuae
1392 1815 1406 1837 ,

294 1861 401 1920 grati
431 1868 689 1923 exoptamus.
737 1862 867 1906 Vobis
894 1869 1029 1906 autem
1054 1863 1280 1921 praecipue
1303 1878 1405 1920 gra-

289 1937 347 1982 tia
372 1938 592 1985 referenda
616 1946 677 1984 est
692 1971 704 1991 ,
729 1939 816 1984 Viri
843 1938 1118 1991 nobilissimi,
1150 1938 1403 1999 gravissimi,

293 2014 365 2073 qui
395 2014 554 2074 regioni
583 2023 622 2060 et
649 2016 742 2060 urbi
770 2015 1034 2073 Ti'ajectinae
1067 2015 1268 2077 praeestis
1285 2046 1297 2067 ,
1324 2029 1404 2073 pro

293 2080 491 2150 singulari
511 2107 608 2151 erga
632 2092 902 2137 Academiam
921 2093 1152 2144 voluntate,
1172 2091 1404 2150 insignibus

295 2169 378 2216 boc
412 2177 602 2229 tempore
636 2168 842 2228 nobisque
868 2169 1112 2225 'honorificis
1145 2169 1404 2214 documentis

292 2246 474 2308 prodit-²1.
524 2246 649 2305 Quod
678 2246 947 2293 humanitatis
971 2246 1161 2305 gratique
1184 2245 1311 2289 animi
1335 2246 1405 2288 of-

292 2323 428 2374 ficium
466 2330 506 2367 ut
540 2325 687 2384 expleo
716 2323 929 2376 lubenter,
966 2324 1020 2367 ita
1057 2323 1223 2367 tandem
1253 2321 1404 2373 nobis,
