1492 2896
291 260 340 305 64
686 238 1005 309 nrsonrsrrro

290 369 420 406 misere
443 367 595 406 faiiitur.
634 368 728 405 Nam
754 369 1062 415 quemadmodum
1084 369 1214 408 civitas
1233 377 1393 417 tyranno

289 438 452 486 subJecta
493 436 660 473 libertate
695 436 795 474 civili
829 437 940 485 'plane
973 446 1071 475 caret
1093 466 1106 485 ,
1155 438 1202 476 ita
1238 449 1393 477 necesse

291 517 440 553 quoque
474 514 530 544 est
560 506 596 544 in
635 506 783 543 homine
825 506 899 543 isto
932 507 1121 556 tyrannico
1160 511 1261 556 „vr-{qv
1282 510 1395 553 αὐτὴν

264 571 266 573 ’
287 579 390 625 τάξιν
413 580 536 617 ἐνεῖναι
550 605 562 623 ,
587 578 647 617 καὶ
671 582 807 621 πολλῆς
830 579 895 625 μὲν
921 579 1079 622 δουλείαις
1103 594 1144 618 τε
1166 580 1225 618 καὶ
1247 581 1394 619 ἀνελευ-

288 650 400 697 θερίας
427 649 551 696 ’γέμειν
575 649 638 692 τὴν
664 649 789 696 ψυχὴν
814 651 947 692 αὐτοῦ,
976 650 1034 688 καὶ
1061 652 1181 688 ταῦτα
1207 652 1318 695 αὐτῆς
1341 650 1392 690 τὰ

288 721 374 768 μέρη
393 718 590 763 δουλεύειν,
611 717 702 766 ἅπερ
722 715 760 762 ἦν
775 719 1052 765 ἐπιεικέστατα,
1075 720 1216 768 σμικρὸν
1229 719 1265 760 δὲ
1279 719 1339 758 καὶ
1353 721 1394 760 τὸ

286 789 549 837 μοχθηρότατον
574 778 853 836 semem-’³
886 787 990 836 Quid
1008 787 1150 837 igitur?
1186 788 1259 838 (ita
1279 798 1392 836 porro

287 857 518 896 Glauconem
556 857 726 894 Socrates
761 857 985 906 interrogat)
1012 868 1207 895 servumne
1230 868 1276 895 an
1302 856 1395 895 libe-

285 940 365 975 rum
403 928 508 964 talem
546 926 706 964 animum
739 938 820 964 esse
852 926 1060 965 dices?>—-
1112 927 1268 965 Servum
1290 927 1396 974 equi-

284 999 364 1036 dem
394 998 642 1035 vehementer.
669 1018 723 1027 —
765 997 903 1035 Nonne
929 1006 1048 1036 autem
1073 998 1254 1037 servitute
1280 1006 1316 1035 et
1337 1005 1396 1045 ty·

285 1067 436 1105 rannide
466 1078 591 1114 pressa
624 1066 753 1104 civitas
791 1067 942 1105 minime
967 1066 1055 1105 facit
1082 1079 1175 1115 quae
1200 1066 1320 1105 velit?
1343 1089 1396 1097 —-

287 1136 423 1174 Procul
454 1135 584 1172 dubio.
610 1156 662 1164 —--
712 1135 838 1183 Itaque
870 1135 975 1173 etiam
1006 1135 1149 1173 animus
1186 1134 1302 1173 veluti
1339 1144 1400 1184 ty·

287 1215 402 1242 ranno
429 1204 601 1242 subditus
629 1204 777 1242 minime
804 1216 899 1252 quae
921 1206 1022 1243 volet
1043 1204 1178 1253 faciet3
1204 1205 1269 1243 sed
1293 1203 1398 1242 furo·

288 1276 339 1313 ris
383 1275 522 1323 impetu
561 1285 705 1322 semper
751 1275 973 1323 distractus,
1018 1274 1296 1325 perturbatione
1329 1273 1397 1311 erit

288 1353 324 1381 et
352 1340 579 1393 poenitentia
606 1343 764 1381 refertus
789 1344 870 1392 (1).

342 1415 428 1453 Fuit
453 1415 540 1451 haec
566 1414 728 1452 Socratis
753 1423 788 1450 et
814 1413 977 1451 Platonis
1003 1413 1193 1461 doctrina,
1217 1414 1398 1462 quiuter-
1453 1448 1461 1455 ,

289 1498 362 1533 que
386 1486 591 1533 stupendos
613 1485 780 1522 fecerunt
806 1483 843 1521 in
870 1484 1004 1522 Ethica
1026 1484 1210 1522 tractanda
1225 1493 1399 1532 progres-

257 1595 258 1598 ,
291 1568 379 1601 sus,
409 1554 841 1603 quorumqueimprimis
857 1553 1398 1602 philosophialimpidissimus

293 1625 416 1663 haberi
443 1623 530 1663 fons
557 1632 706 1671 potest,
736 1625 832 1661 unde
857 1623 1035 1663 humanae
1059 1634 1208 1662 naturae
1231 1632 1399 1671 petamus

290 1696 557 1744 cognitionem.
613 1694 795 1741 Equidem
823 1703 920 1731 certe
944 1694 1100 1741 piurima
1123 1694 1206 1731 inde
1232 1691 1268 1729 in
1290 1703 1398 1730 usum

294 1777 412 1802 meum
448 1764 662 1812 depromsi,
704 1776 862 1811 quorum
899 1774 971 1812 ope
1006 1775 1115 1812 spero
1146 1763 1228 1802 fore
1253 1771 1294 1800 ut
1320 1772 1401 1810 gra-

291 1835 477 1873 vissimam
517 1836 562 1872 de
602 1834 730 1871 morali
769 1833 936 1870 libertate
984 1833 1238 1881 quaestionem
1288 1843 1400 1881 porro

293 1907 426 1952 etiam,
460 1905 490 1942 si
520 1915 595 1942 non
632 1913 716 1952 apte
753 1903 976 1951 explanare,
1010 1912 1046 1940 at
1076 1903 1163 1940 satis
1187 1901 1402 1940 adumbrare

292 1977 381 2014 mihi
410 1975 532 2013 liceat.
591 1974 691 2012 Utut
721 1983 800 2019 est,
840 1974 1100 2021 percepimus,
1132 1972 1170 2010 ni
1197 1971 1331 2018 fallor,
1359 1985 1403 2011 ex

294 2047 393 2084 hisce
429 2057 503 2083 eam
542 2056 622 2081 esse
660 2046 806 2082 moralis
837 2044 1014 2081 libertatis
1041 2053 1205 2090 statum,
1231 2054 1308 2090 quo
1337 2043 1404 2080 ho·

291 2115 451 2161 minem,
490 2114 660 2163 corporis
691 2113 920 2150 lubidinibus
946 2113 1126 2159 domitis,
1156 2112 1248 2150 nulli
1279 2121 1405 2159 regant

295 2185 448 2226 affectus
467 2213 480 2231 ‚
519 2186 642 2222 nullae
673 2184 784 2222 falsae
821 2193 854 2220 et
887 2183 1149 2233 praejudicatae
1177 2182 1404 2230 opiniones,

1099 2258 1105 2259 ’
1325 2253 1408 2300 qui·

343 2375 392 2415 (ι)
417 2373 501 2405 Plat.
523 2375 544 2403 1.
567 2374 588 2404 ι.
612 2384 643 2413 p.
665 2373 735 2414 575.
759 2374 796 2405 c,
828 2390 861 2396 --
884 2372 956 2413 577.
982 2373 1018 2404 E.
