1492 2896
473 238 844 292 ORATIO.
1153 251 1207 295 Ἃ

101 376 441 432 dissertationes,
487 394 592 436 quae
637 380 691 423 ab
720 380 790 424 illo
818 379 914 423 inde
949 388 1136 440 tempore
1166 381 1208 424 in

96 453 248 512 patriis
278 452 513 498 Academiis
537 454 810 512 prodierunt:
843 463 967 499 testes
992 469 1211 500 commen-

99 531 278 576 tationes
319 530 516 590 praemiis
551 538 724 575 ornatae
739 556 754 584 -‚
785 547 980 590 magnam
1009 540 1212 590 utraeque

99 614 261 666 partem
300 615 339 652 et
378 607 490 666 apud
529 622 618 651 nosv
651 608 908 659 celebratae,
953 622 1029 652 nec
1059 609 1210 671 exteris

97 684 288 742 ignotae:
343 691 469 728 testes
501 683 582 744 ipsi
617 684 870 728 Academiae
912 685 1094 738 alumni,
1139 686 1210 742 qui

98 774 211 804 nunc
242 760 495 818 gravissimis
520 760 563 804 in
596 775 641 804 re
667 761 834 819 publica
863 768 903 805 et
931 761 1209 807 ecclesiastica

97 838 340 883 muneribus
367 839 618 896 funguntur:
650 839 693 880 in
723 837 949 891 his-adeo,
991 839 1063 896 qui
1093 840 1208 883 Aca·-
1275 845 1277 848 ’

99 914 257 959 demias
285 929 395 959 nunc
420 921 587 958 nostras
611 921 650 958 et
678 915 894 959 Athenaea
922 922 1102 969 ornant,
1132 931 1210 960 nec

96 1005 273 1035 numero
300 991 358 1034 illi
380 990 531 1049 pauci,
560 999 599 1034 et
624 991 780 1034 meritis
802 993 846 1034 in
869 1007 955 1035 rem
987 992 1211 1037 literariam

99 1066 316 1112 clarissimi
329 1066 420 1110 viri.
450 1067 613 1124 Quibus
629 1068 964 1112 commemoratis
976 1101 987 1120 ,
1005 1083 1090 1113 non
1105 1083 1213 1130 pos<

97 1159 187 1189 sum
199 1158 286 1188 non
300 1143 352 1188 de
364 1143 509 1187 iisdem
527 1143 757 1201 ceterisque
771 1145 1086 1190 Prosessoribus
1099 1179 1112 1196 ‚
1132 1148 1212 1191 hu-

97 1222 161 1278 jus
175 1221 273 1265 olim
290 1221 540 1265 Academiae
554 1221 731 1265 alumnis
745 1253 757 1272 ,
773 1223 929 1267 referre
943 1255 953 1273 ,
973 1224 1088 1280 quod
1111 1240 1213 1281 gra-

98 1306 184 1343 tum
225 1298 418 1357 profecto
456 1297 574 1341 vobis
608 1299 801 1342 omnibus
834 1299 1011 1344 accidet.
1077 1301 1136 1346 Ut
1166 1302 1208 1345 hi

96 1364 340 1435 praesertim
369 1375 622 1419 Academiae
660 1375 892 1420 debuerunt
919 1378 1087 1421 multum
1104 1409 1116 1429 ‚
1151 1377 1209 1422 ita

98 1454 296 1510 accedere
321 1452 374 1496 ad
405 1452 492 1509 ejus
518 1452 667 1496 festum
697 1452 843 1505 nudis,
887 1454 1004 1510 quod
1033 1453 1209 1506 dicitur,

96 1530 289 1574 manibus
320 1529 566 1583 noluerunt3
609 1530 669 1572 sic
699 1538 993 1588 accesserunt,
1035 1539 1080 1574 ut
1109 1531 1210 1576 Pal-

96 1608 181 1654 ladi
204 1605 467 1663 Traiectinae
491 1620 639 1649 munus
672 1604 900 1659 afferrent,
946 1620 1040 1651 cum
1068 1609 1208 1652 studio

96 1685 303 1742 ipsorum,
334 1690 422 1727 tum
442 1682 706 1743 Bibliotheca
725 1690 870 1726 nostra
895 1682 1211 1741 dignissimum,

99 1758 477 1807 Humboldiani
521 1758 700 1817 operis
743 1759 976 1817 exemplum
1019 1761 1211 1818 splendi-

99 1836 326 1882 dissimum.
387 1836 459 1880 Sic
501 1850 624 1893 agere
658 1835 835 1879 decebat
868 1836 1008 1897 viros,
1056 1822 1217 1880 huma-³

98 1913 227 1957 nitate
253 1927 338 1955 non
366 1912 502 1955 minus
530 1927 655 1969 quam
680 1912 911 1956 eruditione
938 1913 1205 1969 excellentes3

32 2010 36 2015 ’
98 2005 176 2048 ego
205 2003 304 2033 vero
332 1988 411 2032 illis
440 1996 478 2033 et
507 1988 758 2032 Curatorum
785 1995 825 2032 et
850 1990 1142 2035 Professorum
1168 2001 1208 2036 et

96 2067 355 2114 alumnorum
394 2064 644 2110 Academiae
671 2072 881 2120 nostrae,¹
907 2071 994 2110 tum
1024 2067 1207 2113 Palla-dis

97 2140 361 2200 Traiectinae
385 2141 552 2185 nomine
573 2140 729 2199 gratias
753 2135 934 2200 pro-hoc
949 2142 1063 2188 dono
1079 2160 1206 2202 quam

97 2218 297 2262 maximas
325 2233 417 2276 ago.
461 2216 464 2218 ’
1141 2207 1143 2210 ⁴

154 2294 270 2340 Hauc
309 2304 444 2340 autem
490 2296 741 2342 Academiae
771 2305 945 2351 nostrae,
970 2296 1096 2343 veluti
1121 2300 1208 2343 no·-
