1492 2896
843 267 898 306 20

385 476 612 525 Hactenus,
643 473 796 525 misdi,
825 472 1078 531 promotoris
1094 479 1256 529 parteS,
1287 471 1425 527 quoad

327 553 414 605 ejus
443 551 529 594 fieri
554 549 791 594 brevissime
821 549 977 607 potuit,
1005 547 1167 606 peregi:
1210 560 1319 591 nunc
1343 560 1443 604 pa-·

329 627 403 671 tris
437 627 579 684 accipe
611 626 778 669 monita.
840 625 944 668 Nam
979 623 1079 680 quid
1112 637 1212 680 ego,
1245 622 1315 679 qui
1350 637 1426 666 so—

328 702 473 747 lemnis
497 716 587 746 mos
613 709 697 755 est,
729 703 790 746 vel
816 701 1075 745 audientibus
1100 700 1164 743 his
1187 713 1425 754 narrarem,

330 780 421 835 quis
458 786 498 822 et
528 778 640 822 cuias
679 779 820 822 esses?
879 791 1023 821 omnes
1053 783 1206 820 norunt
1233 783 1273 819 et
1299 775 1425 820 filium

329 861 369 897 te
392 868 480 897 esse
501 868 635 896 meum
656 860 694 896 et
714 852 993 908 Traiectinum
1010 868 1018 893 :
1080 851 1142 895 vel
1163 850 1304 895 laudes
1326 850 1426 907 quid

330 927 494 985 publice
532 927 600 970 hic
638 927 924 986 praedicarem
963 928 1087 971 tuas?
1171 926 1298 971 cuivis
1346 926 1428 970 hoc

330 1006 464 1049 facere
492 1004 726 1062 promotori
756 1005 870 1056 licet,
904 1004 974 1060 qui
995 1003 1161 1060 quidem
1181 1002 1427 1046 laudabilem

331 1087 476 1124 nactus
503 1079 766 1123 candidatum
790 1080 867 1131 sit,
900 1079 1011 1137 patri
1034 1093 1117 1122 non
1141 1079 1247 1123 licet.
1309 1079 1429 1122 Nunc
1466 1100 1473 1105 ’

333 1170 456 1208 vero,
487 1163 531 1199 ut
565 1163 603 1199 te
639 1155 758 1199 video
797 1155 976 1213 diploma
1002 1158 1086 1211 Jam
1113 1154 1338 1198 Facultatis
1355 1154 1430 1200 Li—

332 1233 507 1276 terariae
536 1247 661 1275 manu
687 1239 915 1284 tenentem,
946 1231 1189 1289 explendum
1217 1230 1318 1274 mihi
1345 1245 1431 1275 non

334 1308 464 1351 solum
496 1307 748 1366 promotoris
780 1321 828 1350 ac
860 1305 1064 1358 doctoris,
1095 1306 1167 1350 sed
1197 1306 1320 1350 etiam
1348 1321 1431 1366 pa-

334 1384 409 1427 tris
450 1383 630 1427 officium
666 1391 747 1434 est,
780 1391 821 1426 ut
849 1391 888 1426 et
914 1383 990 1426 hos
1016 1382 1091 1425 tibi
1126 1383 1307 1427 honores
1332 1398 1432 1441 gra-

337 1461 466 1512 tuler,
497 1468 536 1503 et
573 1473 664 1503 cuin
703 1460 754 1503 de
792 1459 880 1502 aliis
917 1466 956 1502 te
989 1460 1136 1512 rebus,
1165 1466 1253 1502 tum
1285 1459 1338 1503 de
1361 1468 1432 1502 to-

331 1554 420 1591 ga,
453 1551 533 1592 qua
564 1536 729 1578 indutus
761 1542 844 1587 est,
877 1549 1064 1578 moneam
1098 1535 1433 1593 praecipiamque

334 1613 576 1669 diligenffius.

391 1689 522 1732 Abusi
561 1690 639 1733 hac
681 1696 789 1732 veste
829 1689 1030 1732 doctorali
1064 1690 1177 1732 multi
1210 1696 1328 1740 sunt,
1363 1688 1434 1744 qui

337 1767 396 1810 vel
423 1766 559 1808 inania
591 1766 652 1808 vel
681 1766 860 1808 absurda
895 1766 952 1808 vel
985 1765 1170 1808 moribus
1197 1764 1321 1808 noxia
1353 1764 1434 1807 do-

335 1850 488 1886 cerent.
577 1842 642 1885 Tu
675 1856 759 1884 non
791 1842 995 1891 abuteris,
1028 1842 1083 1883 mi
1110 1841 1176 1883 fili.
1264 1841 1369 1883 Nam
1399 1840 1433 1883 si

336 1920 427 1976 quis
448 1919 503 1961 iia
527 1918 682 1975 optime
706 1918 851 1969 docet,
884 1925 925 1960 ut
946 1917 1101 1975 optime
1121 1916 1282 1968 didicit,
1305 1930 1434 1974 prae-

337 2002 527 2052 ceptores
565 2002 604 2036 tu
643 2009 666 2035 a
702 1994 851 2037 teneris
889 1993 1058 2036 eximios
1096 2008 1195 2036 sane
1232 1992 1435 2044 habuisti,

337 2073 517 2130 primum
549 2070 770 2127 Byrdium,
823 2078 904 2112 tum
948 2070 989 2111 in
1034 2069 1244 2127 gymnasio
1289 2075 1436 2111 nostro

340 2146 574 2204 Nyhoffiuxn
590 2175 601 2196 ,
635 2145 752 2188 llorn
765 2143 990 2188 Sciffenum
1006 2177 1017 2196 ,
1042 2144 1271 2196 Kochium‚
1294 2144 1440 2187 Ekke-

340 2239 455 2269 rum,
486 2222 759 2264 Karstenum:
792 2228 961 2278 postea,
990 2221 1031 2263 in
1062 2220 1285 2263 Academia
1318 2219 1440 2262 insti-

340 2298 517 2349 tutione,
549 2297 786 2354 praeclaros
809 2297 931 2339 hosce
953 2297 1084 2348 viros,
1112 2297 1287 2353 collegas
1304 2309 1441 2338 meos:
