1492 2896
193 245 263 290 164
588 245 908 297 DlSQUISITIO

198 354 500 397 incitamentum,
531 356 610 391 sine
641 355 855 401 obsequio,
880 355 958 392 sine
986 356 1189 399 servitute,
1223 365 1314 391 con-

199 433 351 470 tumax,
377 424 592 470 temeraria,
621 425 831 472 adrogans,
867 435 959 470 quae
988 424 1024 461 in
1057 424 1149 462 bene
1175 424 1318 462 consti·

201 493 294 530 tutis
327 493 542 531 civitatibus
582 505 657 531 non
707 494 839 531 oritur.
868 515 922 523 —
986 493 1125 532 Nostra
1158 494 1317 540 civitas,

205 563 322 600 donec
361 562 518 609 erravit,
554 564 670 601 donec
698 575 737 600 se
767 563 935 611 partibus
961 573 996 600 et
1021 563 1319 602 dissensionibus

207 641 244 669 et
271 633 467 670 discordiis
489 633 654 671 confecit
668 662 682 679 ,
705 635 823 672 donec
845 635 944 672 nulla
968 632 1041 671 suit
1062 634 1098 671 in
1117 633 1203 672 foro
1223 646 1320 683 pax,

208 702 309 740 nulla
343 702 380 739 in
411 703 547 741 Senatu
581 703 778 741 concordia
795 732 808 750 ‚
845 705 942 741 nulla
969 705 1003 740 in
1025 703 1176 752 judiciis
1200 691 1325 741 inode-

209 771 332 818 ratio,
367 773 468 811 nulla
500 773 733 822 superiorum
775 773 1008 819 reverentia,
1048 773 1172 811 nullus
1204 772 1327 820 Magi-

210 851 391 879 stratuum
421 843 585 890 modus‚
620 843 705 880 tulit
734 843 816 881 sine
846 843 961 882 dubio
988 843 1225 881 valentiorem
1251 844 1328 880 elo·

212 912 425 958 quendam,
451 912 562 950 sicuti
591 913 796 951 indomitus
825 925 909 961 ager
931 913 1039 951 habet
1054 915 1227 961 quasdam
1243 913 1328 951 her-

213 981 279 1020 bas
307 981 508 1031 laetiores3
543 984 607 1020 sed
636 994 703 1021 nec
738 983 829 1021 tanti
867 983 1110 1032 Reipublicae
1137 983 1329 1021 Graccho-¹

214 1064 294 1090 rum
323 1053 535 1101 eloquentia
557 1053 659 1099 fuit,
692 1062 734 1091 ut
759 1062 944 1101 pateretur
963 1063 998 1090 et
1020 1055 1144 1101 leges;
1171 1064 1237 1090 nec
1260 1051 1331 1089 bo·

205 1132 282 1158 nae
315 1120 472 1159 formam
516 1121 751 1167 eloquentiae
788 1122 924 1160 Cicero
963 1121 1025 1159 tali
1061 1121 1161 1160 exitu
1201 1131 1330 1170 pensa-

213 1189 297 1226 vit”
324 1189 410 1239 (ι).

269 1259 329 1297 Sic
350 1260 464 1308 igitur
492 1260 564 1297 sub
594 1261 762 1300 Caesaris
789 1270 955 1310 tempora
980 1263 1015 1300 in
1037 1271 1143 1311 gente
1166 1261 1335 1300 Romana

218 1340 300 1368 sese
323 1342 379 1367 res
409 1329 646 1376 habuerunt,
671 1333 893 1380 pejoresque
922 1333 1057 1369 sensim
1082 1332 1153 1369 sub
1179 1330 1332 1379 reliquis

218 1399 510 1448 Imperator-ibus
551 1412 570 1437 e
606 1402 709 1438 malis
750 1400 866 1438 factae
899 1412 1002 1439 sunt.
1054 1402 1222 1439 Caesaris
1248 1403 1332 1439 loco

220 1470 395 1517 deinceps
430 1468 583 1508 functus
622 1480 678 1508 est
718 1470 945 1509 Octavianus
983 1471 1209 1519 Augustus,
1243 1470 1336 1519 qui,

220 1539 374 1587 antiqua
411 1540 639 1588 reipublicae
672 1541 796 1588 specie
826 1540 977 1586 relicta,
1011 1543 1205 1590 insurgere
1225 1542 1338 1588 paul-

221 1610 329 1647 latim
348 1637 361 1654 ,
401 1612 530 1646 munia
562 1610 718 1646 Senatus
739 1637 751 1654 ,
787 1611 1090 1659 Affagistrattmm
1107 1638 1119 1655 ‚
1153 1611 1271 1659 legum
1297 1612 1338 1646 irz

222 1692 259 1717 se
289 1680 443 1717 trahere
460 1708 472 1726 ‚
513 1680 613 1717 nullo
645 1679 867 1718 adversante
884 1709 896 1725 ‚
924 1679 1050 1727 coepit
1067 1679 1154 1728 (ε).
1222 1680 1341 1717 Erant

224 1757 372 1795 autem,
407 1757 448 1786 ut
481 1748 548 1794 fit,
577 1749 821 1796 Imperatores
857 1750 967 1786 ruodo
1005 1749 1199 1793 meliores,
1227 1749 1340 1786 modo

225 1818 397 1867 pejores;
426 1818 492 1855 sed
523 1819 609 1866 quia
643 1820 760 1857 nullis
788 1819 865 1856 fere
896 1819 1033 1856 finibus
1064 1818 1343 1867 circumscripta

228 1899 354 1925 eorum
379 1896 545 1935 potestas
572 1898 668 1935 erat,
705 1901 849 1926 omnem
877 1889 986 1926 animi
1020 1889 1196 1937 impeturn
1228 1889 1344 1926 libere

229 1957 337 2005 sequi
364 1967 534 2006 poterant
562 1969 598 1996 et
628 1958 880 2006 sequebantur
906 1959 1013 1997 adeo.
1081 1959 1255 1996 Senatum
1279 1970 1344 1995 au·

231 2038 305 2065 tem
328 2037 364 2065 et
393 2027 584 2073 Comitia,
618 2029 757 2076 quibus
786 2029 1075 2067 continebantur
1095 2028 1267 2075 antiquae
1292 2029 1347 2065 ci-

231 2097 364 2135 vitates
380 2125 392 2141 .‚
417 2106 558 2134 tantum
591 2109 668 2136 non
697 2099 932 2135 sustulerunt
957 2098 1216 2146 Imperatores.
1265 2097 1343 2145 Jam

233 2168 316 2206 inde
337 2179 356 2205 a
371 2168 410 2218 J.
427 2169 586 2206 Caesare
605 2169 776 2216 languere
798 2169 923 2216 coepit
943 2169 1101 2206 Senatus
1121 2167 1321 2205 auctoritas
1334 2195 1347 2212 ,

1257 2248 1351 2284 quae

277 2306 326 2344 (ι)
353 2308 450 2335 Auct.
472 2306 569 2336 Dial.
593 2307 630 2336 (le
655 2308 764 2337 Oralt.
789 2317 815 2336 c.
838 2308 887 2338 40.

276 2360 324 2398 (τι)
349 2358 454 2389 Tacit.
476 2359 498 2388 l.
521 2359 544 2388 1.
