1492 2896
265 246 652 288 PIIILOSOPHICO
666 269 682 277 -
697 246 1006 289 HISTORICA.
1160 253 1209 299 87

89 357 134 397 ab
163 358 265 396 omni
288 358 467 406 pravitate
492 366 529 395 et
551 358 746 407 nequitia,
780 358 839 396 his
868 370 1007 415 corpus
1034 358 1229 407 cujusvis·

87 428 239 478 injuriae
260 427 422 466 immune
451 436 670 477 praestatur.
711 428 869 466 Moralis
893 427 1074 466 libertatis
1101 428 1210 476 prm-2

88 497 224 545 cipium
255 507 312 536 est
340 498 424 536 Deo
462 509 502 536 se
545 498 764 536 submittere
797 499 955 547 ejusque
995 498 1205 545 voluntati,

87 567 209 606 civilis
244 569 369 606 colere
403 568 550 607 civilem
583 568 796 606 societatem
825 568 1003 615 legesque
1025 567 1204 607 civitatis.

136 637 209 676 Est
237 637 350 686 igitur
384 650 423 675 ea
449 646 597 676 nostrae
626 637 813 685 religionis
840 637 1087 685 praestantia,
1119 648 1159 675 ut
1187 650 1208 675 e

85 706 209 746 divina
234 706 482 756 patefactione
512 708 781 748 accuratiorem
808 708 854 745 de
879 707 949 746 Dei
976 707 1208 756 perfectione

86 786 122 815 et
155 787 408 816 consummata
448 789 532 827 erga
574 777 742 815 homines
774 777 1003 825 benignitate
1034 778 1205 815 notitiam

85 847 333 895 acceperimus
371 855 483 895 atque
518 848 568 885 ita
602 849 647 885 ad
688 848 830 895 plenam
864 848 1069 885 libertatem
1096 848 1211 886 nobis

85 918 368 965 comparandam
401 918 557 955 maxime
593 917 717 956 idonei
750 919 883 955 simus.
944 917 1112 966 Antiqui
1143 929 1209 955 au-

85 995 158 1024 tem
198 988 416 1036 philosophi
457 990 656 1034 Socrates,
695 989 829 1034 Plato,
873 986 1010 1025 Cicero
1041 987 1206 1034 aliique,

87 1057 152 1105 qui
187 1057 330 1106 egregie
360 1058 432 1106 jam
467 1059 512 1095 de
544 1057 668 1096 divina
691 1067 821 1095 natura
845 1058 1101 1106 philosophari
1125 1070 1211 1095 coe-

83 1135 245 1174 perunt,
291 1127 534 1175 philosophia
569 1130 637 1165 sua
676 1129 849 1165 moralem
879 1129 1095 1173 >libertatem
1135 1127 1209 1165 sibi

85 1195 270 1234 vindicare
311 1197 467 1235 omnino
502 1206 741 1245 potuerunt,
785 1183 905 1246 ‘quum
949 1199 1073 1246 quoad
1113 1198 1207 1236 viam

85 1266 239 1304 maxime
286 1279 306 1304 a
354 1266 466 1304 nobis
514 1267 780 1314 discreparent.
835 1268 954 1306 Recta
993 1277 1111 1306 autem
1154 1279 1210 1305 ra-

85 1333 187 1373 tione
221 1336 524 1384 philosophando
562 1337 608 1375 ad
640 1348 760 1375 veram
792 1337 984 1386 notitiam,
1008 1350 1115 1386 quam
1137 1348 1210 1376 nos

86 1404 131 1442 de
158 1406 239 1444 Deo
265 1417 284 1443 e
319 1405 567 1454 patefactione
604 1406 729 1444 divina
763 1407 974 1455 accepimus
993 1436 1006 1454 ‚
1039 1409 1211 1448 accedere

85 1475 140 1512 illi
175 1474 284 1513 facile
315 1476 488 1524 potuisse
522 1476 708 1520 videntur.
763 1477 861 1514 Nam
894 1488 1140 1525 quaecunque
1165 1478 1211 1519 de

86 1546 170 1584 Deo
192 1545 376 1594 patefacta
408 1546 517 1584 nobiS
546 1554 665 1594 sunt,
696 1547 745 1584 ita
776 1559 859 1585 sese
889 1548 1056 1595 habent,
1082 1557 1122 1586 ut
1147 1559 1210 1595 ap-.

87 1616 204 1663 prime
235 1615 459 1654 conveniant
492 1628 577 1654 curn
612 1617 690 1664 iis,
732 1630 827 1665 quae
853 1619 898 1655 de
925 1628 1055 1659 natura
1087 1619 1211 1656 divinet

87 1694 124 1723 et
152 1686 337 1733 humana,
371 1687 417 1727 cle
442 1687 610 1734 virtute,
644 1687 689 1724 de
716 1688 817 1725 vitiis
845 1689 1003 1736 aliisque
1026 1698 1089 1726 aut
1117 1690 1212 1732 scire

86 1764 149 1794 aut
175 1756 329 1793 rationis
352 1767 425 1804 ope
451 1757 634 1804 suspicari
665 1768 885 1804 possumus.
938 1759 1077 1796 Iccirco
1108 1760 1212 1806 quod

88 1823 296 1872 antiquitus
340 1838 406 1874 per
443 1826 719 1875 philosophiam
760 1827 1092 1871 efficere'maxime
1132 1838 1212 1865 stu·

87 1894 250 1940 debant,
299 1896 335 1932 id
373 1907 443 1932 nos
488 1896 559 1933 Dei
598 1897 716 1934 cultui
759 1897 958 1935 tribuimus
995 1899 1214 1937 εῑειῑιιίιῑηιε-4

92 1977 165 2013 que
191 1965 337 2003 divinae
373 1974 513 2002 tantum
549 1967 754 2005 voluntatis
781 1967 994 2015 obsequio,
1033 1969 1108 2006 imo
1135 1981 1211 2008 ser-

91 2035 186 2074 vitio
228 2035 298 2074 Dei
334 2036 479 2084 plenam
512 2036 621 2079 nobis
654 2037 834 2075 vindicari
862 2039 1067 2082 libertatem
1093 2052 1211 2078 mora-

87 2106 156 2143 lem
182 2105 264 2154 (1).

1079 2179 1211 2226 Expo-

135 2270 186 2310 (1)
214 2269 356 2299 Fuerunt
383 2275 485 2300 tamen
506 2272 568 2310 jam
590 2271 676 2300 inter
696 2275 841 2308 vetereS,
865 2272 920 2311 qui
940 2272 973 2301 in
996 2272 1060 2301 Dei
1080 2273 1218 2303 servitio*

94 2323 254 2353 libertatis
293 2324 426 2353 moralis
465 2325 707 2354 fundamentum
741 2336 860 2364 ponere
896 2326 980 2355 haud
1016 2325 1213 2357 dubitarent.

94 2377 214 2407 Seneca
251 2378 287 2406 ale
315 2379 375 2407 vit.
405 2378 494 2408 beat.
524 2389 551 2409 c.
576 2378 624 2409 15.
655 2379 698 2409 fi:
743 2400 766 2417 ,‚
785 2381 856 2411 Deo
883 2378 1058 2421 parere,'’
1082 2380 1209 2419 inquil,

1123 2455 1131 2471 ³
1140 2455 1149 2473 v
1166 2434 1213 2462 7²⁴*
