1492 2896
284 238 667 280 PHILOSoPHICO
685 260 701 267 -
714 236 1020 276 HlSTORICA.
1143 249 1156 273 1
1166 248 1213 283 55

108 362 166 389 res
193 350 457 390 labefactarunt
492 357 527 384 et
559 349 744 385 nullorum
784 356 860 383 non
887 346 1060 383 vitiorum
1083 344 1214 382 deinde

106 427 273 459 auctores
314 418 480 456 fuerunt.
557 417 701 464 Operae
741 416 900 464 pretium
950 415 1120 463 profecto
1159 423 1215 452 est

108 490 317 535 attendere,
355 500 447 535 quae
482 489 526 526 de
561 487 721 535 pessima
762 487 873 524 hacce
909 497 1052 523 morum
1085 486 1124 523 in
1159 497 1216 523 re-

107 560 257 608 publica
285 559 452 597 Romana
483 556 564 595 labe
596 569 616 594 a
648 556 761 595 Livio
788 555 983 594 traduntur
1011 555 1113 605 (ι),
1140 556 1216 593 ori-

105 629 224 676 ginem
253 628 419 665 luxuriae
457 627 668 676 peregrinae
699 626 744 664 ab
782 626 945 664 exercitu
981 625 1150 664 Asiatico
1177 626 1214 664 in

103 699 231 738 urbem
271 701 448 736 invectam
488 697 605 735 fuisse
644 697 835 735 statuenti.
891 696 1068 734 Omnium
1092 704 1214 734 autern

105 768 259 806 maxime
291 768 478 806 Romanae
510 767 629 815 gentis
665 767 883 805 libidinibus
919 765 1090 805 faverunt
1126 765 1217 804 Bac-

104 838 267 876 chanalia
286 864 298 883 ‚
340 837 482 882 Graeca
518 848 618 875 sacra
640 865 653 882 ,
701 849 793 884 quae
811 866 824 884 ‚
862 849 1012 875 auctore
1033 837 1179 877 ,eodem
1201 863 1215 883 ,

107 917 331 956 „nocturna
357 908 500 946 tandem
529 918 574 946 ex
601 907 743 945 diurnis
774 905 897 953 facta,
937 907 1057 954 primo
1086 904 1215 955 paucis

103 977 232 1016 tradita
265 986 376 1015 sunt:
414 976 544 1015 deiude
577 976 718 1024 vulgari
746 984 880 1024 coepta
904 984 993 1014 sunt
1018 987 1083 1024 per
1110 975 1214 1017 viros

103 1047 366 1093 mulieresque.
432 1046 590 1084 Additae
626 1046 795 1094 religioni
828 1048 1040 1093 voluptates
1071 1045 1148 1085 vini
1178 1055 1215 1084 et

103 1117 318 1163 epularum,
355 1126 431 1162 quo
456 1115 621 1162 plurium
651 1115 764 1152 >animi
796 1115 1034 1153 illicerentur.
1087 1116 1214 1165 Quum

106 1184 232 1222 vinum
267 1184 441 1230 animos,
483 1192 519 1220 et
557 1195 633 1223 nox
670 1194 705 1221 et
744 1185 848 1222 mixti
883 1184 1031 1222 feminis
1074 1197 1218 1233 mares,

102 1253 230 1295 aetatis
263 1263 405 1291 tenerae
442 1253 669 1303 maj0ribus‚
695 1255 894 1292 discrimen
931 1267 1038 1293 omne
1063 1256 1216 1304 pudoris

104 1324 393 1370 exstinxissent,
439 1326 671 1371 corruptelae
719 1324 877 1371 primum
915 1326 1035 1363 omnis
1072 1326 1216 1374 generis

104 1392 183 1431 fier-i
216 1403 395 1440 coeptae,
435 1405 548 1439 quum
588 1395 632 1432 ad
669 1394 708 1431 id
744 1395 930 1443 quisque,
971 1408 1047 1442 quo
1087 1406 1218 1434 natura

102 1462 288 1510 pronioris
311 1462 475 1500 libidinis
500 1472 624 1509 esset,
656 1474 813 1511 paratam
843 1466 1073 1513 voluptatem
1103 1465 1216 1504 habe·

103 1539 172 1571 tet.
225 1531 307 1569 Nec
346 1543 458 1570 unum
496 1544 613 1581 genus
650 1544 797 1581 noxae,
837 1544 967 1583 stupra
1002 1536 1214 1583 promiscua

101 1600 343 1648 ingenuorum
378 1600 672 1650 feminarumque
703 1614 830 1652 erant;
863 1606 927 1643 sed
957 1604 1042 1645 falsi
1077 1615 1215 1654 testes,

101 1667 194 1708 falsa
214 1670 317 1720 signa
339 1681 632 1720 testamentaque
653 1684 688 1711 et
709 1674 840 1713 indicia
862 1688 906 1714 ex
927 1678 1048 1715 eadem
1068 1677 1215 1716 officina

102 1739 276 1777 exibant”
292 1740 377 1790 (2).
432 1743 506 1779 Sed
545 1744 631 1780 haec
668 1745 713 1780 de
755 1746 866 1783 tantis
902 1747 1002 1784 vitiis
1034 1747 1123 1785 satis
1151 1759 1214 1784 su·

104 1820 245 1857 perque
272 1811 368 1847 dicta
397 1811 493 1848 sint:
523 1813 665 1860 reliqua
690 1814 794 1851 facile
819 1826 938 1853 mente
964 1818 1212 1864 assequimur.

105 1879 157 1918 Et
187 1890 406 1927 quamquam
435 1882 581 1919 aderant
609 1884 826 1932 Censores,
863 1897 1083 1934 quamquam
1115 1889 1215 1934 leges

103 1948 314 1987 ferebantur
349 1951 598 1998 sumtum-iae,
638 1952 878 1991 inveteratum
923 1964 1042 1993 tamen
1080 1958 1212 1995 malum

104 2019 251 2061 altiores
279 2021 350 2069 jam
385 2029 503 2069 egerat
529 2021 666 2059 radices
692 2033 915 2070 omnemque
944 2027 1116 2065 evellerat
1143 2039 1214 2076 pu-¹

109 2090 248 2127 dorem.

153 2158 237 2198 Tali
278 2170 398 2198 rerum
437 2169 534 2198 statu
573 2172 649 2199 non
689 2162 821 2200 mirum
854 2165 1088 2212 gravissimas
1126 2180 1214 2207 mox

1154 2250 1213 2277 CX-

148 2297 195 2335 (ι)
219 2296 290 2328 Liv.
312 2299 404 2329 Hist.
428 2298 505 2330 Lib.
531 2299 699 2332 XXXIX.
723 2313 750 2333 c.
773 2301 803 2334 5.
827 2313 898 2343 sqq.

148 2350 199 2390 (2)
221 2349 292 2383 Liv.
317 2351 341 2382 Ι.
362 2352 384 2382 1.
408 2364 436 2383 c.
459 2354 488 2384 8.
624 2351 627 2354 ’
