1492 2896
829 285 882 328 34

304 418 595 478 agnoscebant.
656 418 813 463 Nullius
842 418 949 462 enim
981 432 1058 463 nos
1085 418 1410 466 addicti'sumus

302 497 439 553 jurare
471 496 514 539 in
548 496 674 540 verba
705 494 903 554 magistri.
993 495 1079 540 Sed
1114 494 1251 542 offero
1290 497 1410 543 vobis

302 587 409 631 opus
443 587 652 630 nunquam
691 573 918 632 periturum
956 573 1165 628 Euclidis,
1196 582 1242 619 ut
1278 576 1416 635 palam

305 650 532 709 significem
560 664 646 694 non
675 657 909 695 commenta
938 650 1311 711 philosophorum,
1343 653 1418 698 sed

305 727 535 780 mathesin,
591 728 710 772 unice
748 728 912 772 firmum
958 728 1141 788 physicis
1192 729 1423 789 disciplinis

304 803 507 863 praebere
539 804 867 850 fundamentum.

361 883 552 926 Annulus
581 897 753 935 aureus,
796 896 919 939 quem
953 882 1090 941 digitis
1127 883 1419 928 vestris'nunc

304 960 483 1019 aptabo,
524 960 647 1004 Alma
683 961 830 1004 matris
864 960 1116 1005 Academiae
1155 958 1420 1019 splendidum

303 1037 484 1091 donum,
527 1037 688 1095 signum
730 1036 851 1081 vobis
897 1037 950 1081 sit
990 1037 1269 1095 incorruptae
1306 1035 1418 1084 fidei.

304 1114 516 1158 Putabam
552 1128 702 1173 nempe
744 1114 949 1171 majores,
979 1113 1294 1174 Philosophiam
1330 1120 1421 1159 esse

304 1205 504 1250 sponsam
534 1192 632 1235 novi
660 1191 879 1236 Doctoris.

362 1267 548 1313 Puritate
576 1268 664 1312 auri
692 1268 982 1327 significabant
1014 1269 1140 1312 animi
1171 1264 1420 1329 puritatem,

306 1347 413 1390 vitae
442 1345 701 1403 rationisque
732 1347 1034 1400 constantiam,
1065 1361 1231 1390 morum
1258 1354 1423 1406 tempe-

304 1422 502 1476 rantiam,
548 1423 737 1467 laborum
773 1423 1036 1482 patientiam,
1090 1424 1279 1471 discendi
1309 1425 1422 1470 haud

302 1499 581 1543 intermissam
613 1500 880 1558 diligentiam.

360 1576 496 1620 Pileus
534 1576 738 1635 capitibus
775 1577 922 1622 vestris
958 1577 1158 1637 impono,
1191 1577 1351 1637 insigne
1382 1587 1421 1624 et

303 1660 591 1697 ornamentum
621 1653 740 1698 liberi
769 1654 965 1699 hominis.
1041 1655 1315 1701 Memineritis
1343 1671 1419 1701 vos

300 1731 343 1773 in
380 1731 610 1774 libertatem
643 1732 804 1789 plenam
825 1764 836 1785 ,
867 1733 987 1775 nullis
1026 1732 1200 1777 vinculis
1234 1734 1415 1793 impedi-

303 1815 416 1861 tam,
447 1807 545 1851 solis
577 1807 776 1853 limitibus
813 1809 913 1853 boni
951 1817 990 1853 et
1025 1810 1190 1855 honesti
1224 1820 1422 1857 coarcta-

303 1890 414 1936 tam,
447 1885 527 1927 hac
559 1886 720 1929 ratione
752 1886 895 1930 asseri.

362 1962 502 2004 Aureo
527 1975 698 2005 nummo
714 1994 725 2014 ,
757 1962 946 2020 pretioso
974 1977 1145 2006 munere
1165 1963 1420 2021 Amplissimi

304 2038 425 2095 hujus
458 2039 634 2096 inclytae
663 2038 796 2083 Urbis
824 2039 1116 2096 Magistratus,
1150 2040 1255 2083 colla
1283 2047 1419 2084 vestra

303 2128 424 2159 orno.
487 2116 750 2159 Acthei-tatur
776 2123 814 2160 et
843 2123 984 2159 monet
1011 2116 1109 2160 illud
1136 2117 1294 2174 insigne
1313 2117 1418 2169 Vos,

304 2192 347 2237 Ο
376 2192 496 2236 boni!
530 2200 574 2236 ut
589 2183 799 2250 nunqiiam
823 2193 972 2250 ingrati
994 2193 1107 2246 sitis,
1139 2201 1183 2236 ut
1205 2207 1418 2250 nunquam

302 2268 625 2322 obliviscamini,
653 2271 815 2313 Almam
842 2270 950 2313 hanc
976 2278 1148 2313 mati-cm
1170 2270 1416 2328 Trajecten-

303 2359 416 2397 sem,
447 2359 524 2388 nec
545 2353 708 2404 tempus
727 2347 838 2404 apud
870 2361 959 2389 eam
986 2346 1161 2389 feliciter
1187 2354 1414 2404 peractum.
