1492 2896
229 292 623 333 PHILOSOPHICO
638 314 654 323 -
666 292 978 334 HISTORICA.
1107 283 1155 343 63

55 403 92 442 in
122 403 318 452 juventute
354 403 399 439 ab
435 403 562 440 amicis
600 404 778 451 pudorem
810 404 992 452 appellare
1026 403 1162 442 doctus

52 471 314 519 stoliditatem,
342 473 616 521 temperantiam
644 475 834 523 ignaviam
850 502 861 520 ,
887 474 1104 512 modestiam
1126 482 1162 511 et

55 541 338 594 moderationem
390 545 638 580 rusticitatem
689 551 724 579 et
774 543 1027 582 illiberalitem
1069 544 1166 593 (1),

55 622 198 648 omnem
223 611 352 652 deinde
377 612 550 659 deposuit
572 613 773 649 honestatis
797 625 981 660 amorem,
1008 622 1045 652 et
1071 613 1170 653 lubi-

54 680 206 718 dinibus
221 681 433 730 pravisque
459 682 591 720 studiIS
616 682 761 731 largiter
783 682 952 722 indulsit.
1010 685 1085 723 Ubi
1104 696 1171 723 au-

55 759 129 789 tem
153 751 388 790 democratici
409 751 477 789 viri
501 752 599 790 filius
620 753 658 789 in
681 751 950 791 dissolutorum
975 753 1169 793 hominum

54 822 284 860 consortium
310 821 436 869 venit,
467 822 507 860 hi
531 822 726 871 impetrare
748 823 786 861 id
810 823 1035 872 studebunt,
1064 831 1108 862 ut
1130 823 1170 862 in

57 891 139 940 eJus
161 891 287 930 animo
303 891 524 930 inhonestae
543 893 723 942 alicujus,
747 893 864 936 veluti
881 894 1042 940 amoris,
1067 893 1172 933 flam-

56 973 150 999 mam
188 962 396 1009 suscitent,
461 990 485 1011 „
513 965 716 1012 προσανέα-ῆν
761 968 830 1004 τῶν
867 959 985 1014 ἀργῶν
1027 965 1087 1004 ux}
1121 967 1173 1006 τοὶ

56 1029 183 1080 ἕτοιμοι
207 1035 460 1080 διανεμομένων
487 1035 693 1082 ἐπιθυμιῶν,
732 1035 925 1085 ὑπόπτερον
956 1036 1016 1075 καὶ
1050 1036 1176 1084 μέγαν

57 1102 203 1151 κηφῆνά
233 1118 315 1142 τινα
327 1102 370 1149 ,²²
401 1104 634 1152 praefectum
667 1106 831 1153 segnium
865 1104 1114 1156 cupiditatum
1140 1114 1179 1143 et

56 1171 243 1210 libidinem
285 1174 320 1209 ei
361 1172 728 1211 subministrantium
748 1201 761 1221 ,
801 1175 946 1212 alatum
992 1173 1176 1224 quendam

57 1254 304 1293 magnumque
325 1236 471 1289 fabum.
531 1243 610 1282 Ubi
638 1243 752 1292 igitur
776 1244 874 1282 circa
899 1243 1021 1293 ipsum
1046 1255 1178 1282 susur-

58 1320 179 1349 rantes
200 1311 421 1361 cupiditates
447 1321 614 1361 ceterae,
642 1313 774 1351 nidore
799 1313 982 1363 refertae,
1010 1325 1179 1364 unguen-

61 1380 134 1427 tis,
172 1381 323 1420 coronis
361 1395 568 1432 meroque,
610 1382 699 1421 fuco
735 1384 937 1424 indiderint
976 1386 1175 1435 aculeum3

61 1458 139 1489 tum
173 1463 261 1490 vero
277 1479 289 1498 ,
326 1453 487 1491 insaniae
522 1448 706 1492 satellitio‘
727 1455 1031 1504 circumstipatus
1049 1484 1062 1504 ,
1089 1456 1182 1496 furit

59 1521 120 1560 hic
146 1522 258 1560 animi
285 1522 518 1571 praefectus,
557 1533 593 1562 et
620 1525 653 1562 si
682 1536 773 1572 quas
801 1525 839 1563 in
873 1537 914 1563 se
941 1526 1181 1576 deprehendit

61 1593 284 1641 opiniones,
310 1606 402 1641 quae
428 1596 567 1643 probae
591 1596 771 1634 exsistant
800 1604 837 1634 et
860 1597 906 1635 ad
930 1596 1177 1646 frugalitatem

61 1663 310 1711 adducantur,
333 1665 512 1713 exstirpat
530 1665 611 1703 illas
631 1666 859 1714 expellitque
871 1696 883 1713 ,
901 1668 1019 1706 donec
1034 1679 1076 1706 se
1087 1670 1180 1717 Pur-

64 1732 202 1779 gaverit
232 1735 468 1782 temperantia
495 1737 669 1782 novaque
696 1736 840 1775 insania
868 1737 1064 1785 repleverit
1091 1736 1178 1787 (2).

68 1820 71 1827 ‹
115 1801 244 1840 Talem
275 1803 346 1841 viri
378 1805 560 1853 tyrannici
587 1817 653 1843 seu
681 1805 961 1854 intemperantIS
985 1807 1180 1856 imaginem

66 1871 235 1919 praebuit
258 1871 369 1910 nobis
397 1875 513 1912 Plato.
566 1874 680 1912 Nulla
701 1875 740 1913 in
764 1876 843 1924 cjtts
867 1876 990 1915 animo
1014 1877 1181 1917 cernitur

63 1941 245 1987 amicitia,
275 1943 374 1980 nulla
400 1943 494 1981 inter
515 1953 638 1991 partes
666 1947 879 1986 concordia.
934 1948 1056 1986 Servit
1072 1960 1182 1998 pror-

66 2020 131 2047 sus
156 2011 269 2048 homo
293 2013 574 2060 cupiditatibus.
620 2015 818 2054 Delabitur
844 2021 893 2062 εἷς
917 2023 1040 2060 πᾶσαν
1063 2035 1181 2070 παροι-

66 2082 211 2129 mim,
242 2083 308 2120 sed
336 2082 417 2131 ipse
448 2094 524 2121 non
552 2085 838 2135 animadvertit3
873 2088 949 2127 imo
980 2102 1069 2129 vero
1093 2103 1178 2129 cum

66 2151 191 2188 amicis
222 2154 416 2202 ἐλευθερίαν
451 2154 601 2196 ἅπασαν
631 2157 821 2197 nominare
846 2161 943 2198 solet
969 2160 1054 2210 (3).
1109 2163 1181 2200 Ast

1115 2244 1181 2269 ml·

111 2296 249 2336 (=)1.1.
268 2295 347 2328 Lu„
372 2297 622 2338 V11{.p.560.
647 2303 692 2334 D.

109 2349 156 2390 (τι)
180 2349 202 2382 l.
223 2349 245 2380 1.
271 2350 345 2380 Lib.
367 2351 430 2382 IX.
453 2363 484 2391 p.
505 2353 577 2393 571.
603 2357 642 2386 A.
665 2368 712 2378 -
731 2355 802 2396 573.
830 2356 865 2386 Β.

113 2401 160 2442 (3)
184 2403 205 2433 1.
229 2403 250 2434 Ι.
272 2414 303 2442 p.
326 2403 397 2445 572.
421 2405 465 2435 D.
