1492 2896
273 219 341 266 138
660 211 980 263 Dlstsle

263 335 416 363 suorum
449 333 591 368 moreS‚
628 333 703 369 quo
739 321 875 359 factum
893 347 905 367 ‚
947 327 988 358 ut
1016 319 1105 357 satis
1131 317 1194 355 diu
1218 318 1364 356 floreret

261 393 475 442 vigeretqu‘e
511 390 717 439 respublica
745 400 781 428 et
810 389 958 427 virtutis
986 389 1088 427 cultu
1116 396 1213 427 esset
1236 387 1275 425 in
1300 399 1362 426 ce-

260 463 349 500 teris
378 460 530 500 Graecis
557 460 771 509 conspicua.
832 459 888 497 Ut
919 470 1006 496 vero
1042 470 1062 495 a
1095 458 1239 507 legibus
1270 468 1367 495 rece-

259 532 345 570 dere
369 540 571 579 coeperunt
597 528 904 575 Lacedaemonii,
929 526 1033 565 brevi
1060 527 1205 574 quidem
1235 527 1365 576 ingen-

259 609 331 638 tem
361 609 449 639 sunt
481 600 634 649 gloriam
668 597 791 645 nacti,
826 597 890 635 sed
925 596 973 633 ita
1010 596 1103 634 viam
1145 596 1261 633 simul
1290 595 1364 633 sibi

256 678 431 718 para-runt
460 671 504 708 ad
537 670 686 718 pejores
725 678 846 706 mores
885 675 920 704 et
961 664 1124 703 civitatis
1159 664 1360 703 interitum.

258 739 399 778 Sensim
435 740 531 777 euim
565 747 600 775 et
629 749 757 775 aurum
793 736 1015 783 divitiasque
1043 734 1114 772 sibi
1145 734 1363 782 conquirere

256 818 293 846 et
317 807 502 857 principes
527 808 678 845 evadere
701 807 877 846 Graeciae
899 805 1120 843 studuerunt
1140 803 1236 853 (1),
1261 804 1363 851 quod

256 885 457 924 utrumque
494 877 718 925 repugnabat
769 878 875 923 plane
917 875 1084 923 Lycurgi
1123 873 1361 923 legislationi-

258 947 507 985 Consuluerat
544 947 601 983 hic
642 946 785 993 egregie
823 944 957 982 civium
994 943 1120 981 robori
1157 951 1194 981 et
1232 941 1361 980 virtuti

255 1014 429 1060 bellicae,
458 1025 533 1052 non
562 1023 603 1051 ut
627 1012 827 1062 imperandi
856 1012 980 1050 studio
1004 1011 1107 1049 ducti
1129 1011 1220 1049 alios
1239 1021 1363 1058 popu-

235 1085 311 1121 'los
337 1084 435 1121 bello
458 1093 659 1130 tentarent,
692 1085 756 1121 sed
781 1093 856 1129 quo
882 1081 1001 1118 acrius
1027 1080 1177 1128 patriam
1195 1091 1296 1117 suam
1315 1080 1360 1117 ab

253 1153 427 1191 hostibus
464 1152 670 1191 infestatam
715 1151 952 1190 defenderent
996 1150 1184 1197 vitamque
1221 1150 1361 1187 beatam

254 1233 299 1261 ex
322 1216 458 1260 virtute
485 1231 521 1259 et
544 1223 646 1259 civili
673 1220 871 1258 concordia
900 1219 971 1258 sibi
998 1227 1252 1267 compararent
1277 1217 1361 1266 (2).

255 1292 492 1330 Dominarum
512 1302 599 1327 vero
624 1291 894 1339 posterioribus
922 1287 1153 1336 temporibus
1179 1284 1364 1335 spectasse
1406 1288 1407 1291 ’

256 1363 456 1411 Spartanos
476 1363 533 1400 vel
561 1373 604 1400 ex
633 1363 758 1401 στάσει
783 1359 853 1409 (3)
879 1369 986 1405 quam
1010 1365 1229 1403 moverunt,
1249 1358 1362 1405 vulgo

254 1431 341 1469 belli
374 1430 676 1480 Peloponnesiaci
710 1429 858 1466 nomine
894 1429 1019 1474 dicta,
1046 1428 1231 1465 luculente
1253 1437 1364 1474 appa-

254 1510 322 1539 ret.
377 1502 486 1540 Ferre
519 1501 611 1538 enim
645 1500 817 1548 majorem
846 1497 1075 1535 Athenarum
1109 1497 1363 1544 splendorem,

255 1571 410 1608 maxime
445 1575 507 1614 τῆς
545 1570 850 1616 θκλκσσοκροιτίοις
880 1568 1021 1604 honore
1050 1575 1225 1611 auctum,
1259 1566 1363 1603 nullo

256 1642 366 1678 modo
387 1648 580 1688 poterant,
607 1638 767 1684 ideoque
794 1635 988 1673 ambitioni
1017 1647 1102 1672 suae
1132 1635 1362 1682 indulgentes

256 1710 429 1757 plurimas
465 1710 641 1748 Graeciae
671 1707 839 1744 civitates
868 1707 902 1742 in
930 1706 1178 1743 Athenienses
1203 1705 1362 1742 concita·

255 1782 355 1822 bant,
386 1780 462 1817 Ubi
484 1790 603 1816 autem
623 1778 875 1815 Lacedaemon
900 1774 978 1811 voti
1000 1785 1155 1821 compos
1177 1773 1270 1811 facta
1290 1784 1364 1811 erat

299 1902 346 1941 (ι)
373 1897 522 1937 Xenoph.
546 1899 583 1927 de
603 1898 689 1936 Rep.
708 1896 828 1925 Laced.
850 1905 878 1924 c.
894 1895 944 1926 14-
1312 1855 1350 1880 Sss

298 1956 345 1995 (2)
372 1951 537 1983 Plutarch.
560 1952 621 1980 vit.
636 1952 718 1989 Lyc.
743 1959 770 1978 c,
786 1949 837 1979 30.
861 1948 932 1977 init.

297 2012 345 2052 (3)
370 2009 545 2040 Verissime
567 2008 650 2036 enim
675 2006 781 2037 Plato:
806 2032 829 2045 „
842 2003 1020 2043 ’Έλληνας
1036 2007 1096 2044 μὲν
1112 2004 1176 2044 ἄρα
1190 2002 1367 2044 βαρβάροις

255 2070 312 2101 aa}
337 2067 524 2108 βαρβάρους
543 2062 697 2101 ’Ἕλλησι
720 2065 884 2104 πολεμεῖν
906 2060 1124 2104 μαχομένους
1151 2072 1191 2093 τε
1218 2058 1367 2100 Φῆσομεν

256 2128 313 2160 uxi
329 2125 511 2166 πολεμίους
527 2121 627 2164 Φύσει
644 2119 726 2155 εἶναι
743 2147 751 2159 ,
785 2122 842 2154 καὶ
858 2120 1007 2161 πόλεμον
1023 2121 1083 2155 τῆν
1098 2117 1220 2160 ἐ’χόροιν
1236 2117 1367 2154 ταύτην

257 2184 415 2223 κλητέοῑϊ
468 2178 648 2217 “Ἐλλκνιις
663 2178 699 2212 δὲ
711 2175 900 2216 ’Ἓλλησιη
930 2176 1011 2210 ὅταν
1028 2188 1062 2209 τι
1080 2175 1233 2208 τοιοῦτον
1248 2172 1365 2215 δρῶσι,

256 2243 358 2282 Φύσει
373 2244 433 2282 μὲν
447 2238 570 2282 <pimus
586 2235 688 2275 εἶναι,
704 2237 810 2269 νοσεῖν
827 2232 856 2268 δ’
873 2235 906 2268 ἐν
923 2237 970 2276 τῷ
987 2233 1128 2272 τοιούτῳ
1138 2230 1368 2268 τῆνἘλλιέδκ

255 2301 311 2333 xxi
326 2298 537 2340 στασιάζειν,
565 2297 624 2328 καὶ
638 2295 761 2328 στάσιν
776 2297 837 2332 τῆν
853 2292 1015 2330 τοιαύτην
1031 2289 1154 2332 ’ἔχθραν
1169 2290 1316 2328 κλητέον
1327 2286 1365 2329 ,”

254 2355 291 2393 (le
314 2355 397 2393 R1p.
422 2351 486 2381 Lib
523 2350 565 2379 V.
590 2361 622 2389 Γ.
648 2350 720 2390 470·
742 2348 779 2377 C.
