1492 2896
279 294 340 331 62'
682 290 999 341 DISQntstTlo

324 402 394 440 Est
431 401 512 447 hic,
551 411 658 448 quem
698 400 769 438 hoc
804 403 889 439 loco
927 402 1033 439 unice
1069 402 1386 451 contemplamur,

276 471 423 509 moralis
465 470 644 508 libertatis
685 479 821 510 status.
886 472 958 510 Est
989 481 1138 521 autem,
1172 480 1215 510 ut
1249 480 1387 521 sponte

274 549 402 580 nostra
424 540 776 588 animadvertimus,
806 541 1034 580 miserrimus
1062 550 1097 580 et
1123 541 1287 581 hominis
1309 541 1389 581 fere

272 611 423 650 nomine
454 611 627 660 indignus
644 639 657 659 ,
694 612 911 659 quicunque
953 614 1031 659 „rb
1053 615 1180 653 ἑαυτοῦ
1206 613 1383 655 θειότατον

273 685 338 723 ὑπὸ
368 685 418 732 τῷ
451 683 641 732 ἀθεωτάτῳ
671 699 712 723 τε
752 683 811 723 καὶ
846 684 1059 732 μιαρωτάτῳ
1097 684 1282 723 δουλοῦται
1318 684 1380 724 καὶ

272 755 379 802 μηδὲν
413 752 535 794 ἐλεεῑ”
560 752 654 802 (1),
693 763 806 799 quum
852 752 959 801 eJus,
998 752 1103 800 quod
1136 750 1320 800 optimum
1347 751 1386 790 in

273 819 314 861 se
350 823 484 868 habet,
521 821 735 859 infirmitate
771 833 815 859 eo
847 821 1063 870 perveniat,
1106 821 1231 871 »ὥςτε
1258 823 1309 871 μὴ
1334 823 1381 863 ἂν

271 878 434 934 δύνασθαι
460 894 585 943 ἄρχειν
610 897 677 933 τῶν
703 894 738 932 ἕν
763 894 859 942 αὑτῷ
887 892 1122 942 θρεμμάτων,
1158 893 1263 933 ἄλλα
1286 893 1388 942 θερα-

271 964 389 1004 πεύειν
420 965 562 1009 ἐκεῖνα,
597 964 657 1002 καὶ
691 965 741 1002 τα
772 965 992 1011 θωπεύματα
1015 966 1130 1003 αὐτῶν
1156 963 1259 1011 μόνον
1282 963 1381 1008 δύνη-

272 1049 332 1073 ται
358 1032 573 1081 ‘amodum’
599 1033 684 1082 (2).
738 1032 828 1082 Quo
851 1040 969 1070 autem
993 1032 1124 1070 melius
1149 1032 1195 1070 de
1216 1031 1381 1070 licentiae

273 1102 431 1149 ideoque
456 1101 563 1139 etiam
592 1101 636 1139 de
663 1101 841 1139 libertatis
863 1101 1012 1139 moralis
1034 1110 1134 1140 statu
1153 1101 1386 1152 judicemus,

272 1182 362 1219 age,
386 1172 565 1220 ejusmodi
595 1171 755 1209 hominis
783 1170 951 1209 miseram
976 1181 1114 1210 sortem
1145 1183 1164 1209 e
1187 1170 1386 1210 Platonicis

273 1243 427 1280 maxime
449 1241 587 1280 chartis
612 1240 853 1290 explicemus.

325 1311 499 1349 Contulit
530 1311 592 1349 ille
621 1311 659 1348 in
692 1322 805 1360 opere
831 1310 875 1349 de
901 1311 1136 1361 Republica,
1163 1310 1267 1358 quod
1294 1311 1387 1349 ethi-

271 1395 353 1419 cum
392 1382 519 1429 potius
554 1393 663 1428 quam
699 1382 889 1432 politicum
918 1381 1082 1428 dixeris,
1110 1392 1194 1419 cum
1221 1379 1388 1429 quinque

274 1451 459 1500 regiminis
481 1451 610 1488 formis
638 1451 791 1489 totidem
818 1451 927 1488 animi
952 1450 1103 1489 humani
1122 1448 1261 1489 formas
1284 1450 1386 1488 omni

273 1534 315 1559 ex
343 1531 443 1570 parte
476 1521 709 1568 simillimas,
749 1533 904 1568 quarum
941 1520 1134 1568 pessimam
1167 1520 1206 1558 in
1233 1511 1385 1559 civitate

272 1592 456 1640 tyrannidi
485 1592 707 1640 respondere
737 1592 861 1628 docet.
916 1591 1238 1640 Quemadmodum
1262 1598 1382 1628 autern

272 1662 308 1698 in
334 1663 473 1709 optima
501 1662 610 1699 animi
634 1661 849 1699 conditione
880 1660 1015 1698 virium
1049 1660 1273 1698 diversarum
1299 1670 1384 1697 esse

272 1731 361 1768 dicit
383 1731 606 1768 harmoniam
635 1731 813 1778 quandam
837 1740 873 1768 et
894 1738 1139 1776 concentum,
1169 1728 1267 1766 unde
1287 1739 1384 1767 ema·

272 1812 332 1838 net
357 1801 532 1848 liberta53
574 1801 622 1838 ita
653 1801 690 1838 in
716 1801 837 1837 animo
870 1802 978 1849 ejus,
1014 1800 1078 1848 qui
1104 1800 1300 1848 tyrannico
1327 1798 1383 1836 in-

272 1870 380 1918 genio
403 1870 452 1907 sit
474 1870 681 1917 praeditus,
709 1871 816 1907 ullam
833 1871 961 1907 adesse
977 1869 1201 1907 harmoniam
1217 1869 1380 1917 negavit.

273 1940 344 1977 Hic
373 1941 467 1977 enim
497 1952 566 1978 una
600 1942 718 1988 aliqua
754 1940 1021 1978 vehementiori
1050 1939 1254 1987 cupiditate
1286 1940 1382 1987 regi-

271 2019 331 2047 tur
366 2019 401 2046 et
438 2018 535 2047 tanta
566 2011 708 2047 laborat
739 2008 848 2047 animi
883 2010 1192 2056 perturbatione,
1230 2018 1269 2047 ut
1301 2010 1379 2059 eJus

271 2081 424 2127 imperio
463 2090 634 2127 tanquam
668 2091 797 2117 saevae
828 2081 873 2117 sit
904 2090 939 2117 et
968 2080 1105 2117 crudeli
1134 2079 1377 2116 dominationi

271 2150 475 2198 subjectus.
532 2150 708 2187 Nascitur
739 2150 798 2186 i'lc
829 2162 847 2186 c
878 2152 956 2187 viro
985 2150 1254 2196 demon-atico,
1286 2151 1379 2197 qui,

1343 2231 1378 2257 m

311 2350 358 2387 (ι)
387 2346 467 2374 l'lat.
490 2348 526 2374 dn
551 2347 631 2385 Rep.
657 2342 731 2373 hil».
757 2345 816 2375 IX.
841 2357 869 2383 p.
893 2346 963 2384 589.
988 2345 1024 2374 E.

313 2401 360 2439 (2)
389 2400 467 2428 Phar.
493 2399 512 2427 Ι.
538 2399 558 2426 l.
582 2409 613 2437 p.
635 2399 704 2438 590.
734 2401 770 2427 (j.
