1492 2896
451 291 898 338 ΛΒΝΟΤΑΤΙΟ.
1188 314 1236 350 35

170 412 415 455 Amstelodami
441 430 536 459 certe
562 428 653 463 ratio
678 429 913 469 Mattiacorum
938 448 1010 473 non
1035 443 1151 479 minor
1176 454 1230 481 est

122 485 223 519 quam
258 478 272 511 l
290 492 297 512 :
315 480 406 516 1000
442 484 592 529 incolas,
621 501 732 535 quum
752 499 837 528 vero
858 507 1026 535 numerus
1051 501 1226 542 Maniaeo-

121 546 198 569 rum
222 537 258 571 in
287 541 431 577 urbibus
454 547 568 591 major
594 549 658 592 sit,
699 563 805 597 quam
830 555 925 590 inter
950 561 1139 608 agricolas,
1168 579 1226 602 ra-

121 594 170 628 tio
195 599 297 633 modo
318 601 398 636 data
421 616 492 639 non
517 619 730 656 magnopere
755 625 775 647 a
798 616 948 652 veritate
979 623 1144 659 recedere
1169 629 1222 662 vi-

116 653 232 698 detum
279 659 415 697 Fuchs
438 676 458 698 e
483 670 745 714 comparatione
769 673 988 714 diversorum
1011 685 1226 729 populorum

115 717 313 761 concludit,
342 726 540 767 generalem
566 730 738 766 rationem
757 733 994 775 Maniacorum
1016 743 1059 777 ad
1084 745 1226 783 Incolas

116 775 272 822 reliquos
296 792 372 815 esse
394 785 446 818 uti
474 786 489 820 1
509 800 516 819 :
535 787 604 823 900
628 789 704 837 (b);
738 805 803 828 eur
825 802 943 833 autem
966 806 1063 838 tanta
1083 805 1129 839 sit
1150 807 1220 842 dis-

114 835 264 874 sei-entia
283 841 377 876 inter
391 847 557 890 quasdam
570 848 770 888 Provincias
781 881 790 897 ‚
809 858 860 890 uti
874 869 907 893 v,
921 872 950 894 e.
967 861 1062 898 inter
1075 865 1100 899 F
1102 868 1223 904 risiam

112 901 147 929 et
171 897 460 939 Transisalaniam
482 919 538 941 me
564 911 701 945 nescir-e
719 913 850 959 fateor,
880 919 1003 956 saltem
1021 923 1049 957 si
1072 936 1218 963 enume-

111 958 200 991 ratio
225 960 357 1007 ubique
379 976 491 1011 aeque
513 975 636 1005 exacte
658 973 820 1011 instituta
844 978 973 1026 fuerit3
1000 984 1090 1030 ipsas
1108 987 1223 1034 hujus.

109 1022 383 1057 enumerationis
414 1026 561 1064 Tabulas
595 1033 802 1070 conserendi
824 1045 946 1084 postea
970 1044 1060 1079 mihi
1082 1050 1217 1086 occasio

107 1075 186 1112 data
201 1079 288 1122 suit,
314 1089 420 1129 atque
448 1088 517 1121 vidi
532 1089 569 1123 in
592 1091 781 1138 Tabulam,
811 1110 916 1144 quam
942 1100 1040 1139 dedit
1065 1106 1216 1144 Fried-

109 1138 228 1172 reieh
244 1167 251 1180 ,
281 1143 421 1178 nullum
444 1147 571 1183 vitium
594 1151 768 1199 irreptum
794 1168 877 1193 esse.

152 1200 333 1236 Caeterum
357 1218 465 1251 quum
486 1215 646 1246 nostr-um
672 1213 916 1254 Nosoeomium
941 1235 1015 1259 non
1036 1227 1129 1263 ultra
1145 1231 1211 1267 100

106 1257 274 1296 Maniaces
297 1266 431 1310 capiat,
462 1270 543 1304 satis
567 1280 729 1319 apparet,
761 1277 798 1313 id
822 1291 1046 1330 nequaquam
1072 1290 1209 1326 suffice-

104 1331 142 1352 ΥΘ
166 1333 274 1366 posse.

145 1444 223 1491 (16)
248 1445 342 1482 Hane
376 1462 473 1495 spem
506 1458 615 1499 atque
648 1461 943 1503 exspectationem
973 1479 1044 1504 non
1080 1483 1205 1510 vanam

97 1503 193 1546 sore,
235 1517 276 1541 eo
308 1511 438 1545 certius
463 1524 519 1547 me
544 1517 722 1553 confidere
753 1533 852 1567 posse
882 1527 1074 1566 arbitratus
1099 1547 1197 1579 sum,

94 1576 203 1609 quum
234 1579 290 1602 me
312 1582 382 1605 non
408 1572 556 1615 lateret,
593 1578 669 1622 jam
698 1580 760 1616 diu
791 1583 942 1630 Regem,
980 1590 1203 1633 humanitate

93 1636 154 1658 sua
179 1636 407 1674 commotum,
444 1636 705 1680 emendationes
737 1642 894 1690 insignes
929 1652 1032 1686 sortis
1069 1655 1199 1693 Mania—

93 1696 213 1721 corurn
239 1690 354 1726 animo
381 1697 597 1741 concepisse,
626 1711 748 1736 verum
762 1703 799 1738 in
813 1706 855 1740 iis
867 1711 1092 1753 perficiendis
1106 1719 1198 1753 sedi-

92 1744 188 1779 tione
213 1749 349 1785 infelici
361 1753 497 1799 belgica
522 1758 730 1804 impeditum
753 1764 882 1811 fuisse3
917 1772 975 1805 sed
989 1776 1096 1819 paulo
1117 1787 1197 1824 post

87 1804 243 1842 habitam
266 1809 357 1846 hane
371 1814 570 1851 Orationem
594 1832 728 1856 summo
749 1827 878 1868 gaudio
892 1829 983 1866 hanc
995 1846 1088 1879 spem
1107 1851 1192 1875 eon-

87 1865 259 1902 firmatam
278 1871 371 1914 vidi,
400 1886 507 1919 quum
533 1878 621 1912 mihi
642 1892 661 1914 a
685 1882 780 1928 Rege
800 1885 1053 1933 Angustissimo
1077 1897 1191 1936 hono-

87 1926 345 1965 rificentissime
358 1936 560 1972 mandatum
574 1939 681 1975 suerit
690 1969 698 1983 ,
720 1949 759 1977 ut
772 1947 945 1987 rationem
953 1956 1189 2007 modumque„

84 1988 212 2033 quibus
235 2003 307 2025 sors
333 1993 566 2032 Maniaeorum
592 2000 715 2037 infelix
743 2005 778 2039 in
803 2007 920 2046 Patria
945 2016 1076 2061 optime
1105 2033 1186 2067 pos—

84 2053 135 2082 set
161 2051 358 2094 emendaffi,
389 2055 592 2093 indicarem.

66 2146 133 2156 κ-

115 2213 162 2254 (η)
190 2217 211 2245 F
226 2218 288 2248 rie
303 2219 320 2248 d
334 2221 456 2252 reich
473 2246 480 2258 ‚
508 2225 644 2265 Magazin
660 2251 668 2265 ‚
695 2230 724 2260 X
747 2230 812 2263 hest
834 2247 899 2275 pag.
923 2240 977 2272 90,

484 2334 685 2350 -QQ
