1492 2896
282 229 670 269 PHILOSOPHICO
684 228 1022 269 21>118TOR[CA.
1168 241 1213 277 75

100 338 416 390 deprehendemus
443 340 594 386 vimque
620 350 864 387 agnoscemus
894 338 1045 377 amoris.
1095 339 1223 376 Malus

103 410 174 451 iste
215 421 336 457 equus
374 421 446 447 seu
469 410 488 449 ἁ-
516 411 629 459 ’‘Epi-oc,-
656 411 856 458 πάνδημος,
900 421 1008 457 quem
1047 410 1150 448 Plato
1182 407 1219 447 in·

105 480 287 528 Symposio
310 479 378 527 (ι)
404 478 600 525 depinxit,
637 489 748 526 prava
783 479 906 516 omnia
941 477 1114 526 appetit,
1141 488 1220 517 tur-¹

103 548 273 597 pissimis
297 549 431 586 studiis
459 550 637 597 repletus.
703 549 883 600 Erenatur
907 558 1029 585 antem
1056 558 1092 585 et
1118 560 1221 589 com-

104 619 279 667 primitur
306 620 351 657 ab
379 619 504 667 auriga
531 620 608 656 sive
637 620 747 656 recta‘
771 620 943 664 ratione,
981 618 1046 666 qui
1073 627 1195 656 tamen
1211 646 1226 666 ,

105 689 275 736 quamvis
317 690 475 736 sapienti
503 689 771 737 gubernatione
806 697 913 726 utens
934 718 946 735 ‚
986 699 1051 735 per
1087 701 1126 726 se
1162 689 1224 727 vix

106 759 194 806 equi
230 760 495 797 contumaciam
537 769 572 795 et
618 758 859 807 petulantiam
898 762 1117 806 coerceret,
1154 759 1227 796 nisi

106 827 343 867 auxiliaretur
366 840 512 877 aurigae
538 829 660 866 bonus
686 830 747 866 ille
766 856 778 875 ,
808 829 1009 868 modestiae
1034 842 1074 867 ac
1103 831 1222 878 pudo-

108 897 160 936 ris
195 899 328 947 plenus
367 910 549 945 veraeque
580 898 771 946 opinionis
796 899 938 937 amicus.
967 911 1104 947 equus.
1159 900 1232 938 Est

110 967 172 1006 hic
195 970 287 1006 alter
312 969 375 1006 ille
402 980 531 1015 amor,
559 971 575 1009 ὁ
597 971 739 1018 Ἔρως,
770 969 823 1006 uti
847 979 1025 1015 vocatur,
1053 971 1229 1019 οὐράνιος,

110 1039 190 1077 veri
214 1039 380 1087 rectique
405 1050 509 1077 amor
525 1067 537 1086 ,
565 1052 584 1076 e
611 1040 798 1077 bonorum
829 1039 1027 1077 affectuum
1058 1050 1231 1076 numero,

109 1111 149 1149 Is
177 1109 276 1147 enim
303 1109 342 1148 vi
373 1121 442 1148 sua
468 1110 606 1147 rationi
632 1110 772 1157 ubique
797 1111 989 1148 assiduum
1016 1121 1057 1146 se
1084 1109 1229 1146 socium

111 1180 285 1229 praebere
310 1181 431 1227 solet,
461 1190 538 1226 quo
566 1180 631 1227 fit,
662 1188 701 1217 ut
729 1179 872 1219 frenare
899 1189 935 1217 et
961 1181 1109 1217 domare
1135 1180 1234 1217 ratio*

110 1249 336 1298 cupiditates
369 1248 461 1287 satis
500 1249 620 1297 possit
649 1258 850 1298 totumque
875 1251 1037 1287 auiinnm
1066 1251 1113 1287 ad
1135 1252 1233 1288 veri-

112 1327 251 1366 tatem,
277 1320 483 1357 libertatem
510 1329 546 1356 et
569 1320 744 1357 virtutem
769 1321 950 1359 adducere
976 1321 1062 1371 (2).

168 1390 241 1427 Sed
268 1390 372 1437 quod
405 1390 509 1428 Plato
540 1390 690 1439 juvenis
727 1391 940 1439 inceperat,
970 1391 1008 1429 id
1035 1403 1232 1429 senescens

116 1468 337 1508 persecutus
367 1468 424 1497 est
452 1469 489 1498 et
521 1461 727 1498 accuratius
766 1462 944 1509 explicuit
980 1463 1016 1499 in
1053 1463 1158 1499 libris
1192 1462 1242 1499 do

117 1529 338 1581 Republica.
391 1531 580 1569 Memorat
616 1531 666 1568 ibi
705 1541 780 1569 tres
813 1532 951 1569 civium
979 1532 1017 1570 in
1046 1533 1246 1581 republicav

118 1600 265 1640 ordines
281 1628 294 1648 ,
320 1603 361 1641 τὸ
386 1604 585 1650 Φυλκκικὸν
612 1601 692 1639 sive
722 1602 909 1650 principes
924 1631 936 1649 ‚
961 1606 998 1643 τὸ
1020 1606 1233 1653 ἐπικουρικὸν

117 1669 197 1708 sive
224 1671 431 1719 custodes,
463 1675 503 1713 τὸ
536 1675 820 1722 χρηματιστικὸν
852 1673 931 1710 sive
958 1673 1113 1721 opifices
1142 1681 1239 1711 cete-

119 1751 271 1788 ramque
295 1741 439 1779 turbam
457 1770 472 1789 ‚
501 1742 612 1780 bonis
641 1742 848 1789 malisque,
881 1744 946 1780 sed
973 1743 1238 1791 insipientibus

120 1809 294 1848 omnibus
308 1811 579 1859 compositam,
602 1811 711 1860 cujus
740 1812 998 1859 gubernandae
1015 1823 1112 1850 cura
1134 1813 1239 1860 prin-

119 1879 267 1928 cipibus
294 1889 351 1918 est
374 1882 600 1920 demandata.
655 1881 706 1919 Hi
730 1890 874 1930 autem,
903 1885 1071 1930 quamvis
1100 1883 1238 1932 egregii

119 1949 216 1997 viri,
253 1950 375 1997 officio
414 1961 513 1989 recte
546 1951 723 1989 obeundo
765 1962 841 1989 non
879 1964 984 2001 pares
1015 1962 1104 1992 sunt
1122 1981 1135 1999 ,
1165 1953 1239 1992 nisi

119 2019 345 2059 auxilientur
380 2019 472 2069 ipsis
509 2021 699 2063 custodes.
762 2021 845 2059 Pari
883 2024 997 2061 modo
1038 2023 1075 2060 in
1112 2023 1237 2061 animo

121 2091 286 2129 humano
309 2101 386 2128 rem
413 2101 497 2129 sese
517 2090 652 2128 habere
674 2090 869 2129 dicendum
898 2101 978 2140 est,
1017 2094 1054 2131 in
1079 2105 1156 2141 quo
1183 2093 1239 2130 di-

1145 2173 1245 2202 stin-

163 2243 213 2285 (ι)
236 2242 320 2274 Plat.
346 2245 457 2284 Symp.
477 2253 511 2282 p·
534 2242 605 2273 180.
632 2235 676 2272 D.
700 2242 740 2272 E.

161 2297 211 2338 (2)
234 2295 313 2328 vid.
345 2295 398 2327 cl.
422 2306 483 2329 van
505 2296 632 2327 Heusde
649 2318 660 2335 ‚
693 2296 720 2329 l.
740 2297 763 2326 1.
784 2307 817 2336 p.
841 2298 890 2328 25.
914 2298 941 2326 ἃ
964 2297 1035 2337 178.
1064 2306 1132 2337 scs-3
1175 2299 1239 2328 So..

123 2350 440 2389 cratisolzesmool,
464 2348 543 2382 Vol.
567 2349 614 2380 11.
636 2360 670 2389 p·
693 2351 763 2382 282.
784 2359 858 2390 sqq·
