<?xml version="1.0" encoding="UTF-8"?>
<!DOCTYPE html PUBLIC "-//W3C//DTD XHTML 1.0 Transitional//EN"
    "http://www.w3.org/TR/xhtml1/DTD/xhtml1-transitional.dtd">
<html xmlns="http://www.w3.org/1999/xhtml" xml:lang="en" lang="en">
 <head>
  <title>
</title>
<meta http-equiv="Content-Type" content="text/html;charset=utf-8" />
  <meta name='ocr-system' content='tesseract 3.04.00' />
  <meta name='ocr-capabilities' content='ocr_page ocr_carea ocr_par ocr_line ocrx_word'/>
</head>
<body>
  <div class='ocr_page' id='page_1' title='image "annalesacademiae36acad_0204.png"; bbox 0 0 1492 2896; ppageno 0'>
   <div class='ocr_carea' id='block_1_1' title="bbox 228 273 975 320">
    <p class='ocr_par' dir='ltr' id='par_1_1' title="bbox 228 273 975 320">
     <span class='ocr_line' id='line_1_1' title="bbox 228 273 975 320; baseline 0.001 -2"><span class='ocrx_word' id='word_1_1' title='bbox 228 276 281 318; x_wconf 79' lang='lat'><strong>10</strong></span> <span class='ocrx_word' id='word_1_2' title='bbox 587 273 975 320; x_wconf 83' lang='lat' dir='ltr'><strong>ORATIO.</strong></span> 
     </span>
    </p>
   </div>
   <div class='ocr_carea' id='block_1_2' title="bbox 209 398 1340 2239">
    <p class='ocr_par' dir='ltr' id='par_1_2' title="bbox 209 398 1340 2239">
     <span class='ocr_line' id='line_1_2' title="bbox 220 398 1338 468; baseline -0.003 -13"><span class='ocrx_word' id='word_1_3' title='bbox 220 409 350 467; x_wconf 82' lang='lat' dir='ltr'><strong>Quod</strong></span> <span class='ocrx_word' id='word_1_4' title='bbox 380 409 414 454; x_wconf 89' lang='lat' dir='ltr'><strong>si</strong></span> <span class='ocrx_word' id='word_1_5' title='bbox 447 408 666 468; x_wconf 83' lang='lat' dir='ltr'><strong>contigerit</strong></span> <span class='ocrx_word' id='word_1_6' title='bbox 696 398 775 452; x_wconf 82' lang='lat' dir='ltr'><strong>tibi</strong></span> <span class='ocrx_word' id='word_1_7' title='bbox 801 408 912 454; x_wconf 85' lang='lat' dir='ltr'><strong>illam</strong></span> <span class='ocrx_word' id='word_1_8' title='bbox 945 408 1118 466; x_wconf 86' lang='lat' dir='ltr'><strong>ejicere,</strong></span> <span class='ocrx_word' id='word_1_9' title='bbox 1146 407 1338 453; x_wconf 89' lang='lat' dir='ltr'><strong>Theolo-</strong></span> 
     </span>
     <span class='ocr_line' id='line_1_3' title="bbox 219 492 1337 552; baseline -0.001 -15"><span class='ocrx_word' id='word_1_10' title='bbox 219 492 359 552; x_wconf 82' lang='lat' dir='ltr'><strong>giam,</strong></span> <span class='ocrx_word' id='word_1_11' title='bbox 387 493 605 538; x_wconf 89' lang='lat' dir='ltr'><strong>carissima</strong></span> <span class='ocrx_word' id='word_1_12' title='bbox 637 509 710 537; x_wconf 90' lang='lat' dir='ltr'><strong>sua</strong></span> <span class='ocrx_word' id='word_1_13' title='bbox 742 493 856 537; x_wconf 85' lang='lat' dir='ltr'><strong>socia</strong></span> <span class='ocrx_word' id='word_1_14' title='bbox 888 493 1107 548; x_wconf 82' lang='lat' dir='ltr'><strong>orbatam,</strong></span> <span class='ocrx_word' id='word_1_15' title='bbox 1139 493 1337 537; x_wconf 83' lang='lat' dir='ltr'><strong>afflictam</strong></span> 
     </span>
     <span class='ocr_line' id='line_1_4' title="bbox 218 577 1338 632; baseline 0 -10"><span class='ocrx_word' id='word_1_16' title='bbox 218 585 258 622; x_wconf 88' lang='lat' dir='ltr'><strong>et</strong></span> <span class='ocrx_word' id='word_1_17' title='bbox 288 577 498 623; x_wconf 87' lang='lat' dir='ltr'>dolentem</span> <span class='ocrx_word' id='word_1_18' title='bbox 529 578 704 623; x_wconf 86' lang='lat' dir='ltr'><strong>videbis.</strong></span> <span class='ocrx_word' id='word_1_19' title='bbox 780 577 981 623; x_wconf 86' lang='lat' dir='ltr'>Concedo</span> <span class='ocrx_word' id='word_1_20' title='bbox 1012 585 1177 632; x_wconf 86' lang='lat' dir='ltr'><strong>autem,</strong></span> <span class='ocrx_word' id='word_1_21' title='bbox 1209 577 1338 623; x_wconf 87' lang='lat' dir='ltr'><strong>fuisse</strong></span> 
     </span>
     <span class='ocr_line' id='line_1_5' title="bbox 217 661 1337 723; baseline 0.002 -18"><span class='ocrx_word' id='word_1_22' title='bbox 217 661 332 705; x_wconf 90' lang='lat' dir='ltr'><strong>omni</strong></span> <span class='ocrx_word' id='word_1_23' title='bbox 376 676 509 715; x_wconf 89' lang='lat' dir='ltr'><strong>aevo,</strong></span> <span class='ocrx_word' id='word_1_24' title='bbox 549 670 589 707; x_wconf 87' lang='lat' dir='ltr'><strong>et</strong></span> <span class='ocrx_word' id='word_1_25' title='bbox 630 677 719 707; x_wconf 84' lang='lat' dir='ltr'><strong>esse</strong></span> <span class='ocrx_word' id='word_1_26' title='bbox 755 663 981 708; x_wconf 85' lang='lat' dir='ltr'><strong>etiamnum</strong></span> <span class='ocrx_word' id='word_1_27' title='bbox 1023 661 1337 723; x_wconf 80' lang='lat' dir='ltr'><strong>Philosophus,</strong></span> 
     </span>
     <span class='ocr_line' id='line_1_6' title="bbox 214 745 1340 806; baseline 0 -16"><span class='ocrx_word' id='word_1_28' title='bbox 214 762 239 790; x_wconf 85' lang='lat' dir='ltr'><strong>a</strong></span> <span class='ocrx_word' id='word_1_29' title='bbox 271 746 423 804; x_wconf 91' lang='lat' dir='ltr'><strong>quibus</strong></span> <span class='ocrx_word' id='word_1_30' title='bbox 453 747 686 806; x_wconf 86' lang='lat' dir='ltr'><strong>Theologia</strong></span> <span class='ocrx_word' id='word_1_31' title='bbox 714 746 857 805; x_wconf 87' lang='lat' dir='ltr'><strong>inique</strong></span> <span class='ocrx_word' id='word_1_32' title='bbox 887 753 1097 801; x_wconf 85' lang='lat' dir='ltr'><strong>tractata,</strong></span> <span class='ocrx_word' id='word_1_33' title='bbox 1127 745 1340 791; x_wconf 85' lang='lat' dir='ltr'><strong>maxima-</strong></span> 
     </span>
     <span class='ocr_line' id='line_1_7' title="bbox 216 830 1340 890; baseline -0.002 -14"><span class='ocrx_word' id='word_1_34' title='bbox 216 846 299 889; x_wconf 89' lang='lat' dir='ltr'><strong>que</strong></span> <span class='ocrx_word' id='word_1_35' title='bbox 328 832 445 876; x_wconf 89' lang='lat' dir='ltr'><strong>clade</strong></span> <span class='ocrx_word' id='word_1_36' title='bbox 476 830 632 876; x_wconf 87' lang='lat' dir='ltr'><strong>affecta</strong></span> <span class='ocrx_word' id='word_1_37' title='bbox 662 831 727 876; x_wconf 87' lang='lat' dir='ltr'><strong>sit.</strong></span> <span class='ocrx_word' id='word_1_38' title='bbox 799 833 919 890; x_wconf 85' lang='lat' dir='ltr'><strong>Quos</strong></span> <span class='ocrx_word' id='word_1_39' title='bbox 950 846 1095 877; x_wconf 87' lang='lat' dir='ltr'><strong>omnes</strong></span> <span class='ocrx_word' id='word_1_40' title='bbox 1124 831 1162 876; x_wconf 92' lang='lat' dir='ltr'><strong>si</strong></span> <span class='ocrx_word' id='word_1_41' title='bbox 1196 831 1340 876; x_wconf 80' lang='lat' dir='ltr'><strong>vellem</strong></span> 
     </span>
     <span class='ocr_line' id='line_1_8' title="bbox 214 913 1339 969; baseline -0.001 -10"><span class='ocrx_word' id='word_1_42' title='bbox 214 929 454 969; x_wconf 86' lang='lat' dir='ltr'><strong>recensere,</strong></span> <span class='ocrx_word' id='word_1_43' title='bbox 499 915 623 960; x_wconf 89' lang='lat' dir='ltr'><strong>finem</strong></span> <span class='ocrx_word' id='word_1_44' title='bbox 670 929 756 960; x_wconf 89' lang='lat' dir='ltr'><strong>non</strong></span> <span class='ocrx_word' id='word_1_45' title='bbox 799 915 1003 962; x_wconf 89' lang='lat' dir='ltr'><strong>inveniret</strong></span> <span class='ocrx_word' id='word_1_46' title='bbox 1048 929 1143 960; x_wconf 87' lang='lat' dir='ltr'><strong>mea</strong></span> <span class='ocrx_word' id='word_1_47' title='bbox 1188 913 1339 960; x_wconf 87' lang='lat' dir='ltr'><strong>orati0.</strong></span> 
     </span>
     <span class='ocr_line' id='line_1_9' title="bbox 217 999 1340 1057; baseline -0.002 -14"><span class='ocrx_word' id='word_1_48' title='bbox 217 999 455 1044; x_wconf 88' lang='lat' dir='ltr'><strong>Dicendum</strong></span> <span class='ocrx_word' id='word_1_49' title='bbox 488 1000 597 1044; x_wconf 87' lang='lat' dir='ltr'><strong>enim</strong></span> <span class='ocrx_word' id='word_1_50' title='bbox 626 1006 716 1044; x_wconf 84' lang='lat' dir='ltr'><strong>erat</strong></span> <span class='ocrx_word' id='word_1_51' title='bbox 734 1003 949 1057; x_wconf 80' lang='lat' dir='ltr'><strong>primum</strong></span> <span class='ocrx_word' id='word_1_52' title='bbox 996 999 1051 1044; x_wconf 86' lang='lat' dir='ltr'><strong>de</strong></span> <span class='ocrx_word' id='word_1_53' title='bbox 1084 1000 1340 1056; x_wconf 77' lang='lat' dir='ltr'><strong>Neoplato-</strong></span> 
     </span>
     <span class='ocr_line' id='line_1_10' title="bbox 214 1083 1339 1141; baseline -0.001 -15"><span class='ocrx_word' id='word_1_54' title='bbox 214 1087 330 1127; x_wconf 77' lang='lat' dir='ltr'><strong>nicis</strong></span> <span class='ocrx_word' id='word_1_55' title='bbox 348 1116 360 1137; x_wconf 91' lang='lat'><strong><em>,</em></strong></span> <span class='ocrx_word' id='word_1_56' title='bbox 387 1085 549 1128; x_wconf 78' lang='lat' dir='ltr'><strong>deinde</strong></span> <span class='ocrx_word' id='word_1_57' title='bbox 576 1085 628 1129; x_wconf 89' lang='lat' dir='ltr'><strong>de</strong></span> <span class='ocrx_word' id='word_1_58' title='bbox 649 1086 966 1136; x_wconf 72' lang='lat' dir='ltr'><em>Scholasticis,</em></span> <span class='ocrx_word' id='word_1_59' title='bbox 988 1101 1135 1141; x_wconf 83' lang='lat' dir='ltr'><strong>porro</strong></span> <span class='ocrx_word' id='word_1_60' title='bbox 1156 1083 1209 1128; x_wconf 87' lang='lat' dir='ltr'><strong>de</strong></span> <span class='ocrx_word' id='word_1_61' title='bbox 1227 1083 1339 1127; x_wconf 86' lang='lat' dir='ltr'><strong>mul·</strong></span> 
     </span>
     <span class='ocr_line' id='line_1_11' title="bbox 214 1168 1338 1225; baseline -0.002 -14"><span class='ocrx_word' id='word_1_62' title='bbox 214 1168 267 1212; x_wconf 82' lang='lat' dir='ltr'><strong>tis</strong></span> <span class='ocrx_word' id='word_1_63' title='bbox 307 1170 511 1211; x_wconf 74' lang='lat' dir='ltr'><strong>Cartesii</strong></span> <span class='ocrx_word' id='word_1_64' title='bbox 526 1201 539 1222; x_wconf 90' lang='lat'>‚</span> <span class='ocrx_word' id='word_1_65' title='bbox 570 1171 769 1223; x_wconf 78' lang='lat' dir='ltr'><strong>Kantic‘,</strong></span> <span class='ocrx_word' id='word_1_66' title='bbox 801 1171 1003 1222; x_wconf 79' lang='lat' dir='ltr'><strong>Ficlztii,</strong></span> <span class='ocrx_word' id='word_1_67' title='bbox 1036 1170 1338 1225; x_wconf 73' lang='lat' dir='ltr'><strong>schellingii,</strong></span> 
     </span>
     <span class='ocr_line' id='line_1_12' title="bbox 211 1250 1335 1310; baseline 0.001 -16"><span class='ocrx_word' id='word_1_68' title='bbox 211 1256 406 1309; x_wconf 78' lang='lat' dir='ltr'><strong>Hegelii</strong></span> <span class='ocrx_word' id='word_1_69' title='bbox 436 1253 630 1307; x_wconf 88' lang='lat' dir='ltr'><strong>asseclis,</strong></span> <span class='ocrx_word' id='word_1_70' title='bbox 661 1253 733 1310; x_wconf 87' lang='lat' dir='ltr'><strong>qui</strong></span> <span class='ocrx_word' id='word_1_71' title='bbox 759 1252 882 1297; x_wconf 87' lang='lat' dir='ltr'><strong>variis</strong></span> <span class='ocrx_word' id='word_1_72' title='bbox 907 1252 1047 1298; x_wconf 82' lang='lat' dir='ltr'><strong>modis</strong></span> <span class='ocrx_word' id='word_1_73' title='bbox 1076 1250 1335 1309; x_wconf 85' lang='lat' dir='ltr'><strong>Theologiae</strong></span> 
     </span>
     <span class='ocr_line' id='line_1_13' title="bbox 211 1335 1334 1390; baseline 0.001 -11"><span class='ocrx_word' id='word_1_74' title='bbox 211 1345 471 1390; x_wconf 84' lang='lat' dir='ltr'><strong>nocuerunt,</strong></span> <span class='ocrx_word' id='word_1_75' title='bbox 514 1336 611 1381; x_wconf 87' lang='lat' dir='ltr'><strong>licet</strong></span> <span class='ocrx_word' id='word_1_76' title='bbox 655 1344 909 1381; x_wconf 84' lang='lat' dir='ltr'><strong>conarentur</strong></span> <span class='ocrx_word' id='word_1_77' title='bbox 959 1351 1050 1382; x_wconf 86' lang='lat' dir='ltr'><strong>eam</strong></span> <span class='ocrx_word' id='word_1_78' title='bbox 1094 1335 1302 1380; x_wconf 86' lang='lat' dir='ltr'><strong>illustrare</strong></span> <span class='ocrx_word' id='word_1_79' title='bbox 1323 1367 1334 1388; x_wconf 92' lang='lat'>‚</span> 
     </span>
     <span class='ocr_line' id='line_1_14' title="bbox 211 1420 1336 1480; baseline -0.002 -15"><span class='ocrx_word' id='word_1_80' title='bbox 211 1421 384 1479; x_wconf 87' lang='lat' dir='ltr'><strong>ejusque</strong></span> <span class='ocrx_word' id='word_1_81' title='bbox 420 1421 618 1479; x_wconf 81' lang='lat' dir='ltr'><strong>dogmata</strong></span> <span class='ocrx_word' id='word_1_82' title='bbox 650 1435 743 1465; x_wconf 91' lang='lat' dir='ltr'><strong>cum</strong></span> <span class='ocrx_word' id='word_1_83' title='bbox 776 1421 1051 1480; x_wconf 83' lang='lat' dir='ltr'><strong>Philosophia</strong></span> <span class='ocrx_word' id='word_1_84' title='bbox 1083 1420 1126 1463; x_wconf 92' lang='lat' dir='ltr'><strong>in</strong></span> <span class='ocrx_word' id='word_1_85' title='bbox 1157 1420 1336 1463; x_wconf 80' lang='lat' dir='ltr'><strong>harmo-</strong></span> 
     </span>
     <span class='ocr_line' id='line_1_15' title="bbox 211 1504 1336 1564; baseline 0.002 -17"><span class='ocrx_word' id='word_1_86' title='bbox 211 1504 323 1548; x_wconf 86' lang='lat' dir='ltr'><strong>niam</strong></span> <span class='ocrx_word' id='word_1_87' title='bbox 354 1505 556 1564; x_wconf 79' lang='lat' dir='ltr'><strong>redigere.</strong></span> <span class='ocrx_word' id='word_1_88' title='bbox 620 1506 691 1549; x_wconf 84' lang='lat' dir='ltr'><strong>Sic</strong></span> <span class='ocrx_word' id='word_1_89' title='bbox 723 1508 989 1562; x_wconf 79' lang='lat' dir='ltr'><strong>Hegelicma</strong></span> <span class='ocrx_word' id='word_1_90' title='bbox 1019 1504 1165 1549; x_wconf 87' lang='lat' dir='ltr'><strong>schola</strong></span> <span class='ocrx_word' id='word_1_91' title='bbox 1185 1537 1197 1558; x_wconf 87' lang='lat'>‚</span> <span class='ocrx_word' id='word_1_92' title='bbox 1228 1518 1336 1561; x_wconf 85' lang='lat' dir='ltr'><strong>quae</strong></span> 
     </span>
     <span class='ocr_line' id='line_1_16' title="bbox 211 1589 1335 1647; baseline -0.001 -15"><span class='ocrx_word' id='word_1_93' title='bbox 211 1590 294 1646; x_wconf 79' lang='lat' dir='ltr'><strong>jam</strong></span> <span class='ocrx_word' id='word_1_94' title='bbox 338 1589 380 1632; x_wconf 86' lang='lat' dir='ltr'><strong>in</strong></span> <span class='ocrx_word' id='word_1_95' title='bbox 426 1591 679 1632; x_wconf 75' lang='lat' dir='ltr'><strong>Germania</strong></span> <span class='ocrx_word' id='word_1_96' title='bbox 726 1589 861 1647; x_wconf 83' lang='lat' dir='ltr'><strong>viget,</strong></span> <span class='ocrx_word' id='word_1_97' title='bbox 902 1596 1008 1634; x_wconf 83' lang='lat' dir='ltr'><strong>teste</strong></span> <span class='ocrx_word' id='word_1_98' title='bbox 1049 1589 1335 1641; x_wconf 88' lang='lat' dir='ltr'><strong>Gablero,</strong></span> 
     </span>
     <span class='ocr_line' id='line_1_17' title="bbox 213 1673 1336 1731; baseline 0 -15"><span class='ocrx_word' id='word_1_99' title='bbox 213 1673 434 1731; x_wconf 80' lang='lat' dir='ltr'><strong>Hegelii</strong></span> <span class='ocrx_word' id='word_1_100' title='bbox 465 1688 730 1727; x_wconf 85' lang='lat' dir='ltr'><strong>successore,</strong></span> <span class='ocrx_word' id='word_1_101' title='bbox 764 1674 917 1718; x_wconf 86' lang='lat' dir='ltr'><strong>clamat</strong></span> <span class='ocrx_word' id='word_1_102' title='bbox 949 1680 988 1718; x_wconf 88' lang='lat' dir='ltr'><strong>et</strong></span> <span class='ocrx_word' id='word_1_103' title='bbox 1018 1673 1179 1731; x_wconf 87' lang='lat' dir='ltr'><strong>jactat,</strong></span> <span class='ocrx_word' id='word_1_104' title='bbox 1211 1688 1336 1717; x_wconf 88' lang='lat' dir='ltr'><strong>omne</strong></span> 
     </span>
     <span class='ocr_line' id='line_1_18' title="bbox 211 1757 1334 1817; baseline -0.002 -15"><span class='ocrx_word' id='word_1_105' title='bbox 211 1767 423 1802; x_wconf 87' lang='lat' dir='ltr'><strong>certamen</strong></span> <span class='ocrx_word' id='word_1_106' title='bbox 466 1758 575 1802; x_wconf 86' lang='lat' dir='ltr'><strong>inter</strong></span> <span class='ocrx_word' id='word_1_107' title='bbox 619 1758 940 1817; x_wconf 84' lang='lat' dir='ltr'><strong>Philosophiam</strong></span> <span class='ocrx_word' id='word_1_108' title='bbox 987 1764 1027 1802; x_wconf 88' lang='lat' dir='ltr'><strong>et</strong></span> <span class='ocrx_word' id='word_1_109' title='bbox 1070 1757 1334 1815; x_wconf 83' lang='lat' dir='ltr'><strong>Religionem</strong></span> 
     </span>
     <span class='ocr_line' id='line_1_19' title="bbox 212 1842 1335 1901; baseline -0.001 -15"><span class='ocrx_word' id='word_1_110' title='bbox 212 1842 492 1887; x_wconf 83' lang='lat' dir='ltr'><strong>Christianam</strong></span> <span class='ocrx_word' id='word_1_111' title='bbox 517 1842 600 1900; x_wconf 86' lang='lat' dir='ltr'><strong>jam</strong></span> <span class='ocrx_word' id='word_1_112' title='bbox 626 1842 796 1887; x_wconf 86' lang='lat' dir='ltr'><strong>desiisse</strong></span> <span class='ocrx_word' id='word_1_113' title='bbox 812 1874 824 1895; x_wconf 90' lang='lat'>,</span> <span class='ocrx_word' id='word_1_114' title='bbox 847 1850 1055 1901; x_wconf 82' lang='lat' dir='ltr'><strong>negatque</strong></span> <span class='ocrx_word' id='word_1_115' title='bbox 1070 1875 1082 1895; x_wconf 91' lang='lat'>,</span> <span class='ocrx_word' id='word_1_116' title='bbox 1106 1842 1217 1886; x_wconf 85' lang='lat' dir='ltr'><strong>hanc</strong></span> <span class='ocrx_word' id='word_1_117' title='bbox 1240 1856 1335 1885; x_wconf 87' lang='lat' dir='ltr'><strong>am-</strong></span> 
     </span>
     <span class='ocr_line' id='line_1_20' title="bbox 212 1925 1337 1986; baseline 0 -16"><span class='ocrx_word' id='word_1_118' title='bbox 212 1928 320 1983; x_wconf 86' lang='lat' dir='ltr'><strong>plius</strong></span> <span class='ocrx_word' id='word_1_119' title='bbox 349 1942 475 1986; x_wconf 84' lang='lat' dir='ltr'><strong>posse</strong></span> <span class='ocrx_word' id='word_1_120' title='bbox 505 1926 757 1986; x_wconf 84' lang='lat' dir='ltr'><strong>inpugnari,</strong></span> <span class='ocrx_word' id='word_1_121' title='bbox 805 1927 1033 1985; x_wconf 83' lang='lat' dir='ltr'><strong>Hegeliana</strong></span> <span class='ocrx_word' id='word_1_122' title='bbox 1069 1926 1233 1971; x_wconf 85' lang='lat' dir='ltr'><strong>ratione</strong></span> <span class='ocrx_word' id='word_1_123' title='bbox 1265 1925 1337 1970; x_wconf 88' lang='lat' dir='ltr'><strong>in-</strong></span> 
     </span>
     <span class='ocr_line' id='line_1_21' title="bbox 211 2012 1332 2071; baseline -0.001 -16"><span class='ocrx_word' id='word_1_124' title='bbox 211 2019 361 2064; x_wconf 77' lang='lat' dir='ltr'><strong>venta,</strong></span> <span class='ocrx_word' id='word_1_125' title='bbox 404 2012 562 2071; x_wconf 79' lang='lat' dir='ltr'><strong>quippe</strong></span> <span class='ocrx_word' id='word_1_126' title='bbox 604 2027 711 2069; x_wconf 82' lang='lat' dir='ltr'><strong>quae</strong></span> <span class='ocrx_word' id='word_1_127' title='bbox 760 2012 871 2056; x_wconf 86' lang='lat' dir='ltr'><strong>illam</strong></span> <span class='ocrx_word' id='word_1_128' title='bbox 914 2019 1115 2069; x_wconf 80' lang='lat' dir='ltr'><strong>tanquam</strong></span> <span class='ocrx_word' id='word_1_129' title='bbox 1157 2018 1332 2055; x_wconf 87' lang='lat' dir='ltr'><strong>matrem</strong></span> 
     </span>
     <span class='ocr_line' id='line_1_22' title="bbox 209 2097 1328 2157; baseline -0.002 -16"><span class='ocrx_word' id='word_1_130' title='bbox 209 2098 384 2150; x_wconf 85' lang='lat' dir='ltr'><strong>salutat,</strong></span> <span class='ocrx_word' id='word_1_131' title='bbox 415 2097 566 2157; x_wconf 88' lang='lat' dir='ltr'><strong>pieque</strong></span> <span class='ocrx_word' id='word_1_132' title='bbox 597 2098 781 2142; x_wconf 86' lang='lat' dir='ltr'><strong>celebrat</strong></span> <span class='ocrx_word' id='word_1_133' title='bbox 802 2098 862 2154; x_wconf 87' lang='lat'><strong>*).</strong></span> <span class='ocrx_word' id='word_1_134' title='bbox 906 2097 1018 2151; x_wconf 88' lang='lat' dir='ltr'><strong>Sed,</strong></span> <span class='ocrx_word' id='word_1_135' title='bbox 1046 2097 1156 2156; x_wconf 86' lang='lat' dir='ltr'><strong>proh</strong></span> <span class='ocrx_word' id='word_1_136' title='bbox 1185 2097 1328 2140; x_wconf 88' lang='lat' dir='ltr'><strong>dolor!</strong></span> 
     </span>
     <span class='ocr_line' id='line_1_23' title="bbox 209 2179 1332 2239; baseline -0.003 -13"><span class='ocrx_word' id='word_1_137' title='bbox 209 2191 253 2226; x_wconf 83' lang='lat' dir='ltr'><strong>ut</strong></span> <span class='ocrx_word' id='word_1_138' title='bbox 297 2182 408 2227; x_wconf 87' lang='lat' dir='ltr'><strong>hunc</strong></span> <span class='ocrx_word' id='word_1_139' title='bbox 447 2182 653 2225; x_wconf 86' lang='lat' dir='ltr'><strong>honorem</strong></span> <span class='ocrx_word' id='word_1_140' title='bbox 695 2188 1003 2239; x_wconf 82' lang='lat' dir='ltr'><strong>consequatur,</strong></span> <span class='ocrx_word' id='word_1_141' title='bbox 1045 2188 1178 2224; x_wconf 88' lang='lat' dir='ltr'><strong>mater</strong></span> <span class='ocrx_word' id='word_1_142' title='bbox 1224 2179 1332 2224; x_wconf 90' lang='lat' dir='ltr'><strong>filiae</strong></span> 
     </span>
    </p>
   </div>
   <div class='ocr_carea' id='block_1_3' title="bbox 212 2313 1332 2414">
    <p class='ocr_par' dir='ltr' id='par_1_3' title="bbox 212 2313 1332 2414">
     <span class='ocr_line' id='line_1_24' title="bbox 253 2313 1332 2359; baseline -0.003 -11"><span class='ocrx_word' id='word_1_143' title='bbox 253 2321 286 2359; x_wconf 75' lang='lat'><strong>*)</strong></span> <span class='ocrx_word' id='word_1_144' title='bbox 312 2318 386 2348; x_wconf 61' lang='lat' dir='ltr'><strong>Virl.</strong></span> <span class='ocrx_word' id='word_1_145' title='bbox 411 2317 552 2355; x_wconf 73' lang='lat' dir='ltr'><strong>Georg.</strong></span> <span class='ocrx_word' id='word_1_146' title='bbox 578 2315 697 2345; x_wconf 78' lang='lat' dir='ltr'><strong>Andr.</strong></span> <span class='ocrx_word' id='word_1_147' title='bbox 722 2314 900 2350; x_wconf 70' lang='lat' dir='ltr'><strong>Gabler,</strong></span> <span class='ocrx_word' id='word_1_148' title='bbox 934 2315 967 2342; x_wconf 68' lang='lat' dir='ltr'><strong>dc</strong></span> <span class='ocrx_word' id='word_1_149' title='bbox 996 2324 1082 2343; x_wconf 66' lang='lat' dir='ltr'><strong>verae</strong></span> <span class='ocrx_word' id='word_1_150' title='bbox 1116 2313 1332 2354; x_wconf 77' lang='lat' dir='ltr'><strong>Philosophiae</strong></span> 
     </span>
     <span class='ocr_line' id='line_1_25' title="bbox 212 2369 1015 2414; baseline -0.006 -11"><span class='ocrx_word' id='word_1_151' title='bbox 212 2386 281 2414; x_wconf 63' lang='lat' dir='ltr'><strong>rrga</strong></span> <span class='ocrx_word' id='word_1_152' title='bbox 304 2375 486 2410; x_wconf 63' lang='lat' dir='ltr'><strong>Religionem</strong></span> <span class='ocrx_word' id='word_1_153' title='bbox 513 2373 623 2402; x_wconf 70' lang='lat' dir='ltr'><strong>Christ.</strong></span> <span class='ocrx_word' id='word_1_154' title='bbox 642 2373 757 2411; x_wconf 68' lang='lat' dir='ltr'><strong>pictate</strong></span> <span class='ocrx_word' id='word_1_155' title='bbox 772 2392 779 2406; x_wconf 87' lang='lat'>‚</span> <span class='ocrx_word' id='word_1_156' title='bbox 808 2369 908 2399; x_wconf 80' lang='lat' dir='ltr'><strong>Eerol.</strong></span> <span class='ocrx_word' id='word_1_157' title='bbox 924 2369 1015 2399; x_wconf 75' lang='grc'>1836.</span> 
     </span>
    </p>
   </div>
  </div>
 </body>
</html>
