1492 2896
610 265 660 307 v15

88 402 194 447 relas
234 399 492 445 confidenter
531 406 570 443 et
610 407 698 444 tuto
741 401 1026 455 committere,
1069 416 1194 459 seque

87 486 200 523 totos
229 478 395 522 tradere
428 477 619 531 audeant.
698 478 872 535 Qualem
916 479 1040 537 igitur
1075 481 1198 524 fidem

86 555 356 614 jurejurando
384 555 467 611 jam
500 554 835 604 confirmavistis,
862 558 955 600 talis
983 557 1079 602 fidei
1109 573 1200 602 em-

86 633 225 677 blema
253 632 307 676 sit
331 632 450 676 vobis
486 633 554 676 hic
587 633 759 676 annulus
785 648 956 687 aureus,
988 650 1110 691 quem
1133 636 1206 679 in-

89 710 171 754 dici
200 723 346 755 manus
375 711 544 754 dextrae
573 711 716 754 induo.

148 787 351 832 Annulns¹
374 787 481 832 enim
521 788 619 832 fidei
659 796 720 832 est
749 789 934 847 insigne,
966 797 1004 834 et
1037 791 1202 847 quidem

89 865 258 918 aureus,
283 878 369 909 non
395 873 574 924 propter
601 866 753 910 metalli
778 867 957 925 pretium
973 900 984 919 ,
1010 868 1082 912 sed
1105 868 1201 924 quia

88 943 190 986 nihil
233 957 344 987 auro
388 943 512 987 datur
558 945 845 997 constantius,
888 944 988 987 nihil
1031 945 1202 1001 purim,

89 1020 191 1063 nihil
235 1020 287 1062 ad
330 1020 515 1080 ultimum
553 1036 670 1064 usum
711 1037 843 1078 usque
882 1023 987 1066 adeo
1029 1023 1207 1066 nitorem

87 1097 295 1154 integrum
326 1110 604 1147 conservans.
686 1097 775 1142 Hos
814 1099 993 1155 denique
1034 1101 1209 1144 annulos

90 1173 496 1226 aureos'ssuratores
522 1174 642 1218 vobis
674 1175 788 1219 dono
816 1173 1025 1230 offerunt,
1055 1177 1207 1234 quibus

89 1255 297 1295 testantur
324 1263 410 1294 non
441 1250 594 1304 modo,
638 1259 838 1308 quantum
871 1253 1087 1296 doctrinae
1116 1250 1209 1297 me'-

42 1320 46 1324 ’
91 1327 324 1384 rita‘atque
358 1327 611 1371 Academiae
641 1328 768 1372 decus
798 1328 877 1372 sibi
909 1342 1033 1373 curae
1064 1330 1209 1373 cordi-

92 1418 173 1461 que
201 1403 311 1458 sint,
350 1404 424 1448 sed
452 1405 573 1448 simul
604 1404 686 1448 hoc
719 1404 814 1448 fidei
842 1405 1018 1464 pignore
1047 1407 1209 1464 signifi-¹

93 1489 211 1535 cant,
233 1495 309 1526 vos
329 1481 373 1524 in
391 1488 640 1540 perpetuam
664 1482 1026 1540 gratissimamque
1044 1494 1210 1528 memo-

92 1559 198 1603 riam
224 1559 477 1603 Academiae
506 1567 677 1604 nostrae
707 1575 794 1604 esse
820 1561 1060 1606 obstrictos.

151 1636 311 1681 P-ileum
332 1637 511 1693 denique
526 1637 639 1680 addo
655 1638 914 1682 doctoralem
927 1671 939 1691 ‚
971 1654 1093 1695 quem
1113 1640 1211 1683 dum

95 1714 383 1773 capitivestro
404 1714 588 1773 inpono,
609 1715 673 1771 jus
699 1716 818 1759 vobis
843 1716 1058 1761 doctorale
1088 1718 1211 1761 trado

97 1789 428 1836 dearte-nostra
455 1792 592 1850 capite
622 1800 733 1836 tecto
759 1794 926 1852 publice
954 1795 1209 1853 disputandi.

96 1866 241 1912 Pileus
264 1875 400 1913 autem
442 1869 645 1914 libertatis
681 1870 843 1929 insigne
877 1879 951 1916 est.
1036 1872 1082 1916 Si
1119 1873 1212 1930 quis

98 1944 228 1997 alius,
258 1944 477 1998 Medicus,
512 1946 718 2003 quidquid
748 1950 954 2002 evenerit,
990 1940 1096 1994 liber
1129 1951 1210 2003 sit,

97 2020 343 2065 humanitati
385 2029 547 2066 tantum
588 2024 844 2080 inserviens;
905 2027 977 2070 sed
1021 2029 1211 2087 inprimis

96 2097 202 2141 liber
229 2097 283 2142 sit
308 2099 492 2143 eruditus
520 2095 709 2145 Medicus
726 2134 738 2155 ‚
770 2103 841 2159 qui
872 2119 893 2147 e
922 2107 1037 2149 scola
1064 2106 1212 2151 dimis-

97 2189 168 2218 sus
193 2175 331 2232 jurare
357 2176 400 2219 in
426 2176 555 2221 verba
584 2179 772 2237 magistri
796 2177 992 2240 respuat,
1016 2184 1210 2241 omnique

97 2250 279 2295 humana
308 2254 553 2298 auctoritate
585 2263 774 2300 naturam
806 2272 892 2303 esse
924 2260 1045 2317 longe
1083 2277 1211 2320 supe-

98 2343 251 2373 riorem
283 2338 430 2374 teneat.

159 2405 356 2465 Superest
398 2410 660 2468 splendidum
697 2412 863 2468 reliquis
905 2414 1208 2471 adjungendum
