1492 2896
607 239 663 281 1⁸3

82 370 328 428 quad-illud.
352 371 542 429 exposuit
586 380 898 429 argumentum,
947 377 1060 432 quod
1101 377 1190 435 ipse

81 447 225 506 phu-es
258 461 336 506 per
373 461 506 492 annos
547 449 788 494 meditando
823 451 1191 510 investigandoque

80 523 307 581 indeliciis
332 524 493 570 habuit.
557 527 697 570 Virum
730 528 854 585 igitur
884 529 1042 574 huncce
1059 530 1193 574 Doc—

80 599 311 655 tissimum,
366 602 554 647 moribus
610 603 840 663 integrum,
898 605 1052 665 pietate
1091 622 1190 666 erga

75 685 380 738 praeceptores
420 680 717 739 conspicuum,
760 696 838 726 suo
876 682 967 728 iure
1009 684 1190 728 futurum

75 755 216 802 -vobis-
231 756 374 801 indico
405 757 661 816 Theologiae
691 759 933 805 Ductorem.

105 943 107 947 ἲ
149 891 287 950 ,Alter
315 892 411 937 huic
441 894 649 953 acces-sit:-

100 1005 317 1070 rlaconas
359 1008 593 1054 lummus
635 1010 829 1055 Slvovclc
860 1011 1163 1058 Hunssn'omss.

75 1104 217 1182 ⁴Quem
249 1123 348 1168 dum
378 1124 567 1179 intueor,
599 1141 622 1170 a
657 1141 723 1171 me
747 1127 1003 1187 Theologiae
1032 1129 1194 1174 Docto-

76 1198 140 1261 ris
172 1200 306 1259 gradu
338 1202 604 1257 ornandum,
636 1207 759 1249 ecce!
792 1204 904 1250 beati
938 1206 1075 1251 Patris
1114 1208 1195 1252 mei

79 1259 228 1323 incidit
259 1279 486 1333 memoria,
530 1281 629 1349 qui,
679 1288 774 1325 ante
824 1282 991 1340 triginta
1034 1283 1114 1328 hos
1155 1293 1194 1329 et

81 1354 196 1413 quod
244 1356 426 1401 excurrit
475 1372 636 1410 annm,
705 1359 881 1418 gradum
939 1360 1195 1419 'theologiae

74 1431 341 1495 'doctoralem
371 1457 423 1466 —
459 1450 558 1480 raro
585 1435 630 1479 id
659 1437 859 1496 temporis
889 1438 1103 1496 exemplo!
1142 1461 1195 1473 -

80 1508 126 1554 in
159 1509 329 1555 Patrem
365 1510 521 1570 ipsius,
577 1511 756 1558 Senatus
795 1514 986 1569 nomine,
1042 1524 1195 1561 contu-

63 1584 128 1630 *lit
145 1585 235 1643 (1).
267 1610 316 1619 -
364 1587 405 1633 Ο
436 1588 676 1635 beatissima
707 1591 931 1636 Parentum
965 1594 1165 1638 memoria
1181 1629 1194 1648 ‚

83 1676 210 1719 quam
241 1661 332 1709 dies
357 1663 476 1709 hicce
510 1666 641 1712 festus
676 1666 721 1711 in
757 1668 906 1714 animis
939 1669 1110 1715 excitat!
1141 1695 1192 1704 -

83 1737 171 1784 Sed
202 1739 300 1785 illuc
333 1741 567 1788 redeamus.

140 1815 177 1860 E
202 1816 380 1875 patricia
410 1819 688 1865 Zelandorum
715 1830 834 1881 gente
859 1831 1005 1877 natus,
1035 1832 1195 1869 mature

84 1907 109 1936 a
147 1893 296 1949 Patre,
348 1895 415 1940 cui
453 1896 666 1956 Evangelii
716 1900 921 1945 nuntiatio
967 1916 1091 1959 curae
1134 1911 1196 1948 est

127 2034 179 2076 (1)
201 2035 264 2066 vir
285 2036 367 2068 Ven.
391 2037 745 2070 Adrian.1sa5cus
768 2039 1191 2082 SnouckHurgronje‚

76 2087 179 2120 huius
204 2089 400 2122 Doctorandi
429 2092 522 2124 Pater
551 2094 816 2125 aestumatissimus
827 2117 836 2132 ,
880 2096 929 2126 die
952 2097 972 2126 2
994 2097 1076 2128 Nov.
1104 2099 1195 2129 1804.

82 2143 210 2184 publice
231 2144 353 2175 defensa
365 2160 372 2184 3
395 2147 484 2177 Diss.
507 2150 614 2187 inaug.
637 2150 670 2179 de
688 2152 863 2190 praecipuis
887 2152 1050 2182 Vaticiniis
1072 2155 1112 2183 V.
1127 2155 1165 2183 T.
1181 2177 1190 2190 ‚

86 2198 197 2237 quibus
220 2201 329 2240 qffusio
354 2201 490 2241 Spiritus
505 2204 538 2233 S.
552 2225 562 2240 ‚
593 2205 694 2234 diebus
716 2206 842 2235 Messiae
864 2209 1057 2245 exspectanda
1070 2230 1078 2244 ‚
1098 2219 1194 2248 prae-

86 2256 252 2285 nuntiatur
262 2276 271 2292 ‚
307 2254 495 2297 Theologiae
524 2257 645 2290 Doctor
676 2258 734 2289 fuit
762 2260 951 2290 renuntiatus
967 2283 974 2297 ‚
1016 2261 1195 2293 Promotorc

87 2307 129 2338 Η.
150 2308 373 2351 Royan-ds,
397 2312 440 2342 V.
453 2312 490 2343 C.
