1492 2896
427 274 868 309 ADNOTATlo.
1157 269 1202 304 77

10 400 13 403 “
48 414 69 450 s
103 398 205 434 classi
226 396 420 432 Nosocomii
442 395 614 431 sumtibus
638 395 857 437 vestiuntur,
884 399 989 440 atque
1013 391 1100 426 haee
1124 402 1201 424 ves-

106 459 252 494 timenta
284 458 359 504 ipsa
392 457 519 502 magna
549 468 593 491 ex
620 461 722 502 parte
751 454 914 501 operibus
945 453 1178 487 Maniaeorum
1193 477 1200 491 ,

104 529 195 565 quae
229 517 398 560 diximus,
427 517 683 559 conficiuntur,
711 521 818 561 atque
842 519 1077 560 reparantur;
1108 517 1207 546 sexto

105 584 224 614 autem
260 578 421 614 Curatori
451 577 634 624 provincia
657 575 864 611 demandata
890 580 963 616 est,
1004 579 1044 608 ut
1077 573 1207 618 dirigat

101 644 209 686 atque
238 638 459 674 administret
491 649 549 681 ea,
577 649 668 684 quae
700 640 860 683 spectant
884 635 1020 670 labores
1033 661 1041 676 ,
1069 634 1205 668 exerci-

103 700 274 742 tationes,
313 704 421 746 atque
443 697 702 738 recreationesr
735 708 828 743 quae
863 695 1066 742 provincia,
1103 706 1208 740 quam

108 760 226 806 gravis
253 759 318 801 sit,
346 770 390 793 ex
409 759 472 800 iis,
501 769 592 804 quae
614 758 709 792 dieta
731 764 834 799 sunt,
864 757 946 791 satis
959 761 1114 801 apparet.

155 821 246 856 Cura
270 819 483 854 medicinalis
504 819 544 853 N.
567 819 602 852 P.
626 818 653 850 V
667 817 854 858 isseher,
870 816 955 850 Med.
976 816 1075 850 Doct.
1103 821 1210 859 atque

108 881 196 915 mihi
218 880 425 915 demandata
450 885 520 921 est,
548 880 597 913 ita
619 884 659 912 ut
679 879 741 912 ille
772 878 833 911 Vir
858 878 1002 911 Doctiss.
1031 876 1208 922 quotidia-

109 954 190 978 nam
214 953 335 976 euram
359 941 396 975 in
417 952 453 975 se
483 940 668 986 suscipiat,
698 951 858 985 quaeque
881 937 1071 973 necessaria
1107 942 1207 976 sunt,

106 1003 346 1050 praescribat,
374 1002 495 1036 Balnei
514 1001 779 1041 sivestillantis‚
807 1001 879 1034 sive
901 998 1005 1033 calidi
1037 997 1213 1043 generalis

109 1053 211 1097 usum
242 1062 399 1106 indicet3
430 1082 476 1087 —-
499 1073 606 1107 porro
628 1061 733 1106 jubet
758 1066 865 1106 atque
889 1060 1083 1093 Oeconomo
1102 1057 1212 1102 signi-

107 1124 210 1166 ficat,
226 1135 312 1158 num
333 1122 507 1157 maniacus
518 1127 663 1168 propter
677 1121 833 1155 furorem
858 1119 1124 1164 restringendus
1146 1118 1209 1158 sit,

106 1197 174 1220 nee
197 1196 262 1228 ne;
288 1184 325 1218 in
350 1195 434 1218 casu
451 1194 535 1217 vero
557 1182 703 1228 ancipiti
724 1181 803 1215 talis
825 1180 1017 1214 refrenatio
1039 1179 1083 1213 ab
1105 1179 1213 1213 Oeco-

109 1257 214 1287 nomo
234 1245 374 1280 institui
404 1249 534 1291 potest,
563 1243 622 1277 sed
654 1253 772 1277 causas
795 1241 902 1287 hujus
925 1241 977 1274 rei
1001 1246 1120 1286 postca
1144 1239 1214 1273 me-

110 1307 189 1342 dico
211 1306 389 1352 explicare
412 1305 529 1339 debet.

154 1368 315 1414 Denique
335 1378 415 1402 eum
439 1367 516 1400 viro
538 1365 676 1399 doctiss.
702 1363 905 1398 Visseher
935 1363 1074 1397 statutis
1096 1361 1218 1395 diebus

112 1440 232 1463 omnes
253 1428 442 1469 Maniaeos,
469 1427 635 1473 quicum
657 1424 857 1459 medicinali
870 1423 1031 1468 indigent
1044 1449 1051 1462 ,
1078 1422 1220 1456 visitare

111 1490 224 1532 soleo,
241 1488 381 1536 quando
400 1495 524 1522 mutuo
548 1497 721 1522 consensu
738 1484 942 1521 statuimus'.
965 1495 1135 1530 quaenam
1162 1494 1219 1516 re-

112 1550 226 1592 media
261 1549 410 1595 singulis
445 1548 607 1583 Maniaeis
634 1546 901 1593 praescribenda
936 1545 1026 1585 sint,
1065 1544 1150 1589 quid
1182 1545 1218 1578 in

112 1611 389 1659 praescriptione
444 1608 652 1644 mutandum
675 1635 684 1650 ,
724 1607 974 1652 investigamus
995 1633 1003 1647 ‚
1052 1616 1220 1650 quosnam

114 1673 259 1707 effectus
292 1671 445 1706 remedia
485 1670 522 1704 in
560 1669 671 1716 priori
712 1667 971 1703 consultatione
1009 1667 1222 1712 praescripta

112 1732 376 1779 praestiterint,
405 1731 513 1777 inque
536 1730 636 1764 brevi
668 1729 872 1764 morborum
906 1727 1053 1765 historia
1076 1727 1222 1761 adnota-

115 1804 202 1828 mus.
821 1826 824 1827 ⁷

160 1853 263 1888 Omni
294 1854 430 1888 alterna
474 1853 549 1887 fere
591 1851 808 1886 hebdomade
839 1854 1033 1884 conventus
1070 1854 1122 1882 est
1156 1848 1223 1882 Cu-

118 1920 296 1956 ratorum‚
336 1926 486 1960 quorum
522 1926 612 1948 unus
646 1911 815 1948 Praesidis
851 1921 999 1945 munere
1023 1921 1089 1955 per
1120 1909 1221 1943 bien-

120 1975 219 2009 nium
238 1974 422 2019 fungitur,
461 1974 602 2020 quando
625 1974 776 2019 quisque
806 1983 883 2006 suas
909 1983 965 2006 res
986 1970 1144 2017 profert,
1181 1969 1225 2003 de

119 2035 247 2086 quibus
278 2034 472 2070 communis
506 2034 707 2068 instituitur
732 2031 962 2073 deliberatio,
986 2031 1044 2066 eui
1069 2041 1225 2066 conven-

123 2096 174 2130 tui
205 2107 344 2142 semper
379 2096 484 2130 etiam
517 2095 639 2129 Medic.
676 2094 806 2129 Doctor
839 2092 1084 2127 Visseher
1118 2091 1225 2126 adest.

119 2157 172 2192 lta
208 2156 347 2198 omnia,
403 2167 495 2202 quae
529 2167 649 2190 euram
673 2155 842 2190 medicam
874 2159 1050 2200 spectant,
1100 2152 1227 2187 autad

118 2217 396 2252 emendationem
416 2217 651 2251 Maniacorum
672 2215 759 2262 quid
780 2214 943 2249 conferre
962 2213 1096 2260 possint
1108 2240 1116 2250 ,
1146 2212 1225 2258 qui-

120 2288 198 2312 nam
232 2278 379 2312 Maniaei
413 2277 568 2311 restituti
611 2276 853 2311 Nosoeomium
898 2274 1103 2320 relinquere
1146 2285 1227 2317 pm-

119 2338 208 2380 sint,
239 2345 312 2373 tum
333 2350 351 2372 a
374 2350 429 2372 me
451 2350 570 2373 curam
585 2337 826 2372 Medicinalem
857 2336 1073 2380 generaliter
1096 2347 1225 2380 geren-
