1492 2896
343 210 731 257 PHILOSOPHICO
744 233 760 240 -
774 208 1082 248 HISTORKCA.
1199 221 1268 257 103

159 323 329 371 usurpari
357 323 472 361 soleat
493 321 512 369 <
520 320 577 368 1).
632 320 828 358 Vocabulo
857 331 989 367 nempe
1018 320 1083 356 illo
1111 329 1187 356 non
1215 318 1269 355 iu-

157 392 370 441 telligebant
406 392 550 439 antiqui
586 391 838 438 aequalitatem
877 390 1143 434 auctoritatis,·
1181 388 1267 435 (hae

156 462 250 500 enim
287 472 432 509 semper
469 460 602 509 optimi
636 459 776 507 quique
803 468 839 495 et
864 457 1143 506 prudentissimi
1168 466 1268 495 ante-

154 530 387 578 cellebant‚)
425 531 489 568 sed
500 530 633 577 juris,
657 530 835 576 ἰσηγορίαν
863 527 947 574 (2).
1003 527 1175 565 Pluribus
1201 538 1269 564 no-

156 600 317 638 minibus
345 600 438 636 hauc
459 599 553 647 juris
578 597 831 644 aequalitatem
860 598 1063 644 exprimere
1085 598 1266 635 solebant.

155 670 388 708 Memoratur
425 669 474 706 ita
513 678 656 716 praeter
697 669 875 716 ἰσηγορίαν
913 669 1056 713 ἰσότης,
1082 670 1268 716 leon-mlx,

155 741 337 789 ἶσοκρικτίοι
350 767 362 786 ‚
382 740 571 788 ἰσομοιρία,
592 740 790 783 ἱσοτέλειικ,
813 741 1009 788 ἱσοψηφίοι,
1033 740 1271 783 ἰσοπολιτεία,

157 813 298 850 tandem
329 810 512 857 ἰσονομία,
541 823 634 858 quae
661 822 734 848 vox
761 811 925 848 omnium
959 811 1113 849 maxime
1138 823 1272 858 aequa-

157 882 271 920 litatis
296 893 445 920 sensum
471 890 589 922 notat.
641 880 863 929 Intelligitur
900 890 1019 918 autem
1054 891 1188 929 sponte
1211 892 1273 918 ve·

158 961 253 990 teres
295 963 371 989 non
406 953 450 989 ad
476 953 634 989 homines
670 951 846 989 retulisse
886 952 1139 998 aequalitatem
1158 937 1172 996 ,γ
1207 952 1273 989 sed

157 1021 266 1058 unice
300 1022 344 1058 ad
379 1024 497 1068 cives,
529 1022 631 1069 quod
658 1029 759 1069 patet
785 1033 804 1058 e
829 1023 1035 1067 servitute,
1065 1032 1171 1068 quam
1200 1020 1274 1058 fere

157 1091 194 1127 in
238 1089 452 1128 civitatibus
502 1090 666 1137 antiquis
709 1091 910 1128 invaluisse
949 1091 1139 1128 novimus.
1206 1093 1275 1128 De-

156 1160 294 1208 nique,
329 1159 518 1197 dicebatur
555 1160 752 1206 aequalitas
793 1160 934 1197 ratione
969 1161 1093 1198 habita
1126 1161 1273 1208 legum,

159 1238 200 1267 ut
235 1230 437 1266 secundum
471 1231 569 1277 leges
609 1229 711 1266 cives
748 1239 875 1265 omnes
918 1239 1043 1266 essent
1076 1230 1272 1277 aequales,

159 1310 224 1346 per
245 1308 358 1336 totam
381 1298 532 1336 omnino
547 1299 749 1346 civitatem,
774 1311 865 1346 quae
890 1310 924 1337 et
944 1300 1023 1347 ipsa
1039 1311 1122 1338 cum
1143 1312 1276 1347 aequa-

159 1369 271 1407 litatis
300 1369 453 1406 maxime
484 1377 560 1406 tum
591 1370 782 1406 societatis
810 1369 938 1408 studio
963 1370 1180 1416 exstiterat,
1208 1370 1274 1407 do-

160 1439 358 1477 minaretur
380 1439 473 1488 juris
498 1440 752 1484 aequabilitas.
817 1440 860 1477 In
891 1441 955 1477 hac
992 1439 1105 1487 igitur
1137 1440 1276 1477 civium

159 1509 379 1556 aequalitate
410 1508 627 1546 cernebatur
658 1508 895 1557 potissimum
924 1510 1157 1556 antiquarum
1184 1511 1277 1548 civi-

162 1589 275 1616 tatum
307 1579 363 1617 vis
383 1607 395 1625 ‚
433 1579 574 1626 quippe
608 1587 643 1615 et
677 1579 719 1616 ad
749 1579 817 1615 alia
843 1587 878 1615 et
902 1580 946 1616 ad
971 1579 1164 1616 amicitiam
1189 1590 1281 1616 con·

163 1649 400 1696 cortilamque
435 1648 687 1685 stabiliendam
730 1647 911 1695 imprimis
949 1649 1092 1686 idonea.
1146 1650 1277 1694 Ἰσότης

163 1718 258 1755 enim
300 1721 482 1768 φιλότητα
521 1719 768 1767 ἀπεργάζεται
809 1718 979 1755 dicebant
1014 1719 1156 1765 antiqui
1194 1719 1277 1767 (3).

167 1788 358 1825 Cavebant
390 1797 507 1824 autem
551 1789 676 1834 leges,
717 1797 763 1823 ne
793 1798 836 1823 ex
861 1786 1085 1834 aequalitate
1112 1797 1281 1824 nascere-

166 1865 226 1893 tur
258 1856 452 1901 marchia,
488 1856 586 1893 unde
612 1854 849 1903 potissimum
876 1844 1014 1893 factum
1032 1884 1045 1902 ,
1077 1866 1116 1892 ut
1143 1865 1278 1894 tantam

166 1925 309 1974 legibus
335 1925 570 1964 reverentiam
598 1925 761 1963 tribuere
783 1926 972 1972 solerent,
999 1936 1129 1974 utpote
1149 1938 1281 1973 aequa-

1239 1998 1283 2034 li.

212 2112 261 2151 (1⁸)
285 2110 364 2140 Vid.
391 2110 442 2140 Cl.
468 2120 525 2141 van
551 2109 700 2146 Heusde,
727 2110 841 2139 Diatr.
865 2120 896 2148 p.
919 2110 970 2150 76.

164 2197 166 2200 ,
212 2171 261 2212 (a)
286 2171 336 2200 De
358 2170 529 2212 ἰσηγορίας
550 2169 762 2208 praestantia,
792 2171 938 2208 exemplo
965 2171 1003 2198 ab
1033 2169 1283 2200 Atheniensibus

170 2225 316 2256 desumto
331 2247 339 2261 ,
362 2225 491 2253 disselit
512 2224 671 2263 eleganter
692 2223 814 2253 Herod.
843 2223 920 2252 Lib.
943 2223 985 2252 V.
1008 2234 1035 2253 c.
1059 2225 1108 2263 75.

215 2279 262 2317 (3)
290 2277 457 2308 lu'venitur
496 2278 701 2316 proverbium
729 2288 779 2316 ap.
810 2278 892 2307 plat.
922 2279 958 2307 (le
986 2279 1087 2318 Legg.
1116 2277 1188 2307 Lib,
1222 2270 1282 2310 VI.

172 2342 204 2370 p.
226 2331 296 2372 757.
321 2333 359 2360 A.
