1492 2896
426 247 790 300 oRArio
1106 254 1165 300 w

66 392 319 443 Auditorcs,
354 403 404 434 eo
434 389 505 448 pia
533 399 669 435 mente
700 390 979 436 accedendum
1010 396 1095 443 est,
1124 395 1167 434 ut

62 483 143 528 pro
164 467 442 528 prosperitate
459 481 509 511 ac
529 468 659 526 gloria
682 468 930 512 Academiae
946 474 1040 511 vota
1056 481 1167 512 nun-

61 559 263 604 cupemus
295 544 505 588 solemnia.
567 544 787 588 Faciamus
823 544 865 587 id
904 552 1040 588 autem
1082 545 1168 597 ita,

64 629 135 675 ut,
161 620 277 679 quod
307 621 483 666 maxime
509 621 632 665 nobis
664 622 846 665 futurum
878 622 1055 666 salutare
1080 629 1168 675 est,

64 697 109 741 id
137 697 259 742 unice
289 704 542 756 expetamus.
594 698 775 742 Oramus
803 696 930 755 igitur
957 704 1024 751 te,
1053 696 1187 743 Deus

67 775 224 834 optime
250 775 453 828 maxime,
483 788 592 828 non,
620 781 667 818 ut
696 774 913 833 splendeat
941 774 1170 820 Academia

68 859 237 905 nostra,
273 851 370 905 sed,
407 859 452 896 ut
483 851 593 896 intus
629 851 682 896 sit
710 850 850 897 hona:
882 866 993 906 non,
1022 859 1069 897 ut
1099 867 1172 897 ce·-

67 927 232 972 lebrent
266 942 345 972 nos
379 928 533 982 exteri,
572 928 671 981 sed,
699 935 744 972 ut
774 927 886 986 digni
915 928 1071 983 simus,
1102 929 1173 987 qui

72 1005 352 1050 celebremur:
391 1019 501 1056 non,
544 1012 589 1048 ut
629 1004 768 1049 crebri
802 1005 862 1048 ad‘
885 1019 962 1049 nos
991 1005 1174 1063 undique

69 1083 282 1126 confluant
318 1080 535 1140 discipuli,
576 1081 679 1134 sed,
718 1088 763 1126 ut
802 1081 1095 1126 commendent
1129 1096 1174 1126 se

71 1158 206 1204 nostri
249 1157 435 1203 discendi
478 1157 659 1211 ardore,
702 1157 1026 1217 progressibus,
1069 1159 1177 1203 vitae

74 1235 319 1289 honestate,
345 1235 513 1294 pietate.
565 1234 678 1279 Haec
707 1235 744 1279 si
772 1235 895 1280 nobis
926 1236 1177 1284 concesserit

73 1327 227 1357 nume-n
255 1319 396 1364 tuum,
423 1311 483 1357 ita
513 1311 676 1356 demum
708 1326 958 1372 prosperam
985 1314 1178 1358 fortuna-

78 1396 247 1446 tamque
262 1420 275 1443 ‚
308 1389 393 1433 imo
424 1403 522 1433 vero
551 1388 890 1447 gloriosissimam
921 1389 1180 1436 existimabi-

78 1481 171 1510 mus
209 1465 460 1514 Academiae
498 1465 942 1520 Rheno-Trajectinae
971 1467 1183 1514 conditio-

76 1557 186 1594 nem.-
