<?xml version="1.0" encoding="UTF-8"?>
<!DOCTYPE html PUBLIC "-//W3C//DTD XHTML 1.0 Transitional//EN"
    "http://www.w3.org/TR/xhtml1/DTD/xhtml1-transitional.dtd">
<html xmlns="http://www.w3.org/1999/xhtml" xml:lang="en" lang="en">
 <head>
  <title>
</title>
<meta http-equiv="Content-Type" content="text/html;charset=utf-8" />
  <meta name='ocr-system' content='tesseract 3.04.00' />
  <meta name='ocr-capabilities' content='ocr_page ocr_carea ocr_par ocr_line ocrx_word'/>
</head>
<body>
  <div class='ocr_page' id='page_1' title='image "annalesacademiae36acad_0419.png"; bbox 0 0 1492 2896; ppageno 0'>
   <div class='ocr_carea' id='block_1_1' title="bbox 301 252 1226 306">
    <p class='ocr_par' dir='ltr' id='par_1_1' title="bbox 301 252 1226 306">
     <span class='ocr_line' id='line_1_1' title="bbox 301 252 1226 306; baseline -0.001 -9"><span class='ocrx_word' id='word_1_1' title='bbox 301 256 690 298; x_wconf 89' lang='lat' dir='ltr'>PHILOSOPHICO</span> <span class='ocrx_word' id='word_1_2' title='bbox 701 277 714 287; x_wconf 92' lang='lat'>-</span> <span class='ocrx_word' id='word_1_3' title='bbox 729 254 811 295; x_wconf 83' lang='lat' dir='ltr'><strong>HIS</strong></span> <span class='ocrx_word' id='word_1_4' title='bbox 817 252 1037 301; x_wconf 78' lang='lat' dir='ltr'>TORICA.</span> <span class='ocrx_word' id='word_1_5' title='bbox 1179 260 1200 296; x_wconf 85' lang='lat'><em>8</em></span> <span class='ocrx_word' id='word_1_6' title='bbox 1205 257 1226 306; x_wconf 69' lang='lat'><strong>33</strong></span> 
     </span>
    </p>
   </div>
   <div class='ocr_carea' id='block_1_2' title="bbox 99 365 1226 2226">
    <p class='ocr_par' dir='ltr' id='par_1_2' title="bbox 99 365 1226 1958">
     <span class='ocr_line' id='line_1_2' title="bbox 104 365 1226 418; baseline -0.003 -11"><span class='ocrx_word' id='word_1_7' title='bbox 104 379 263 418; x_wconf 88' lang='lat' dir='ltr'><strong>corpore</strong></span> <span class='ocrx_word' id='word_1_8' title='bbox 291 380 389 415; x_wconf 86' lang='lat' dir='ltr'><strong>suo,</strong></span> <span class='ocrx_word' id='word_1_9' title='bbox 424 368 490 406; x_wconf 91' lang='lat' dir='ltr'><strong>sed</strong></span> <span class='ocrx_word' id='word_1_10' title='bbox 524 365 665 416; x_wconf 71' lang='lat' dir='ltr'><strong>optima</strong></span> <span class='ocrx_word' id='word_1_11' title='bbox 689 365 748 404; x_wconf 85' lang='lat' dir='ltr'><strong>sui</strong></span> <span class='ocrx_word' id='word_1_12' title='bbox 773 374 879 415; x_wconf 89' lang='lat' dir='ltr'><strong>parte</strong></span> <span class='ocrx_word' id='word_1_13' title='bbox 901 367 1032 413; x_wconf 87' lang='lat' dir='ltr'><strong>abest,</strong></span> <span class='ocrx_word' id='word_1_14' title='bbox 1060 374 1097 404; x_wconf 89' lang='lat' dir='ltr'><strong>et</strong></span> <span class='ocrx_word' id='word_1_15' title='bbox 1122 367 1226 415; x_wconf 87' lang='lat' dir='ltr'><strong>cogi·</strong></span> 
     </span>
     <span class='ocr_line' id='line_1_3' title="bbox 103 436 1226 484; baseline -0.001 -8"><span class='ocrx_word' id='word_1_16' title='bbox 103 439 263 477; x_wconf 89' lang='lat' dir='ltr'><strong>tationes</strong></span> <span class='ocrx_word' id='word_1_17' title='bbox 295 449 381 477; x_wconf 89' lang='lat' dir='ltr'><strong>suas</strong></span> <span class='ocrx_word' id='word_1_18' title='bbox 410 438 455 476; x_wconf 92' lang='lat' dir='ltr'><strong>ad</strong></span> <span class='ocrx_word' id='word_1_19' title='bbox 487 436 661 477; x_wconf 87' lang='lat' dir='ltr'><strong>sublimia</strong></span> <span class='ocrx_word' id='word_1_20' title='bbox 693 436 880 484; x_wconf 84' lang='lat' dir='ltr'><strong>intendit,</strong></span> <span class='ocrx_word' id='word_1_21' title='bbox 915 445 952 474; x_wconf 89' lang='lat' dir='ltr'><strong>et</strong></span> <span class='ocrx_word' id='word_1_22' title='bbox 974 437 1079 475; x_wconf 90' lang='lat' dir='ltr'><strong>velut</strong></span> <span class='ocrx_word' id='word_1_23' title='bbox 1105 447 1226 475; x_wconf 81' lang='lat' dir='ltr'><strong>sacra·</strong></span> 
     </span>
     <span class='ocr_line' id='line_1_4' title="bbox 104 506 1222 558; baseline -0.003 -11"><span class='ocrx_word' id='word_1_24' title='bbox 104 518 229 547; x_wconf 86' lang='lat' dir='ltr'><strong>mento</strong></span> <span class='ocrx_word' id='word_1_25' title='bbox 255 517 433 558; x_wconf 88' lang='lat' dir='ltr'><strong>rogatus,</strong></span> <span class='ocrx_word' id='word_1_26' title='bbox 470 509 542 546; x_wconf 89' lang='lat' dir='ltr'><strong>hoc</strong></span> <span class='ocrx_word' id='word_1_27' title='bbox 573 509 676 555; x_wconf 90' lang='lat' dir='ltr'><strong>quod</strong></span> <span class='ocrx_word' id='word_1_28' title='bbox 701 506 796 545; x_wconf 89' lang='lat' dir='ltr'><strong>vivit</strong></span> <span class='ocrx_word' id='word_1_29' title='bbox 832 506 1061 555; x_wconf 87' lang='lat' dir='ltr'><strong>stipendium</strong></span> <span class='ocrx_word' id='word_1_30' title='bbox 1087 514 1222 555; x_wconf 39' lang='lat' dir='ltr'><strong>putata:</strong></span> 
     </span>
     <span class='ocr_line' id='line_1_5' title="bbox 102 576 1224 623; baseline -0.002 -7"><span class='ocrx_word' id='word_1_31' title='bbox 102 588 137 616; x_wconf 91' lang='lat' dir='ltr'><strong>et</strong></span> <span class='ocrx_word' id='word_1_32' title='bbox 177 578 225 616; x_wconf 83' lang='lat' dir='ltr'><strong>ita</strong></span> <span class='ocrx_word' id='word_1_33' title='bbox 261 578 443 616; x_wconf 83' lang='lat' dir='ltr'><strong>formatus</strong></span> <span class='ocrx_word' id='word_1_34' title='bbox 482 587 568 623; x_wconf 88' lang='lat' dir='ltr'><strong>est,</strong></span> <span class='ocrx_word' id='word_1_35' title='bbox 608 586 649 615; x_wconf 88' lang='lat' dir='ltr'><strong>ut</strong></span> <span class='ocrx_word' id='word_1_36' title='bbox 687 577 737 616; x_wconf 85' lang='lat' dir='ltr'><strong>illi</strong></span> <span class='ocrx_word' id='word_1_37' title='bbox 775 587 841 614; x_wconf 91' lang='lat' dir='ltr'><strong>nec</strong></span> <span class='ocrx_word' id='word_1_38' title='bbox 878 587 982 614; x_wconf 89' lang='lat' dir='ltr'><strong>amor</strong></span> <span class='ocrx_word' id='word_1_39' title='bbox 1020 576 1120 615; x_wconf 88' lang='lat' dir='ltr'><strong>vitae</strong></span> <span class='ocrx_word' id='word_1_40' title='bbox 1154 588 1224 616; x_wconf 93' lang='lat' dir='ltr'><strong>nec</strong></span> 
     </span>
     <span class='ocr_line' id='line_1_6' title="bbox 101 646 1225 696; baseline -0.002 -10"><span class='ocrx_word' id='word_1_41' title='bbox 101 648 227 686; x_wconf 84' lang='lat' dir='ltr'><strong>odium</strong></span> <span class='ocrx_word' id='word_1_42' title='bbox 254 648 332 696; x_wconf 85' lang='lat' dir='ltr'><strong>sit,</strong></span> <span class='ocrx_word' id='word_1_43' title='bbox 362 649 577 696; x_wconf 89' lang='lat' dir='ltr'><strong>patiturque</strong></span> <span class='ocrx_word' id='word_1_44' title='bbox 603 646 795 693; x_wconf 88' lang='lat' dir='ltr'><strong>mortalia,</strong></span> <span class='ocrx_word' id='word_1_45' title='bbox 826 646 998 694; x_wconf 87' lang='lat' dir='ltr'><strong>quamvis</strong></span> <span class='ocrx_word' id='word_1_46' title='bbox 1027 646 1122 685; x_wconf 90' lang='lat' dir='ltr'><strong>sciat</strong></span> <span class='ocrx_word' id='word_1_47' title='bbox 1147 658 1225 684; x_wconf 88' lang='lat' dir='ltr'><strong>arn·</strong></span> 
     </span>
     <span class='ocr_line' id='line_1_7' title="bbox 100 715 1225 767; baseline -0.003 -11"><span class='ocrx_word' id='word_1_48' title='bbox 100 718 220 766; x_wconf 88' lang='lat' dir='ltr'><strong>pliora</strong></span> <span class='ocrx_word' id='word_1_49' title='bbox 256 717 479 767; x_wconf 87' lang='lat' dir='ltr'><strong>superesse”</strong></span> <span class='ocrx_word' id='word_1_50' title='bbox 511 718 594 767; x_wconf 84' lang='lat'>(1).</span> <span class='ocrx_word' id='word_1_51' title='bbox 654 716 761 755; x_wconf 87' lang='lat' dir='ltr'><strong>Hanc</strong></span> <span class='ocrx_word' id='word_1_52' title='bbox 806 716 922 765; x_wconf 88' lang='lat' dir='ltr'><strong>igitur</strong></span> <span class='ocrx_word' id='word_1_53' title='bbox 959 715 1225 765; x_wconf 76' lang='lat' dir='ltr'>philosophiae</span> 
     </span>
     <span class='ocr_line' id='line_1_8' title="bbox 101 785 1224 836; baseline -0.003 -10"><span class='ocrx_word' id='word_1_54' title='bbox 101 788 207 836; x_wconf 83' lang='lat' dir='ltr'><strong>vim,</strong></span> <span class='ocrx_word' id='word_1_55' title='bbox 242 789 273 827; x_wconf 91' lang='lat' dir='ltr'><strong>si</strong></span> <span class='ocrx_word' id='word_1_56' title='bbox 307 789 393 836; x_wconf 89' lang='lat' dir='ltr'><strong>quis</strong></span> <span class='ocrx_word' id='word_1_57' title='bbox 434 787 560 834; x_wconf 83' lang='lat' dir='ltr'><strong>alius,</strong></span> <span class='ocrx_word' id='word_1_58' title='bbox 603 787 744 835; x_wconf 91' lang='lat' dir='ltr'><strong>optime</strong></span> <span class='ocrx_word' id='word_1_59' title='bbox 789 786 1026 836; x_wconf 83' lang='lat' dir='ltr'><strong>percipiens,</strong></span> <span class='ocrx_word' id='word_1_60' title='bbox 1077 785 1224 824; x_wconf 83' lang='lat' dir='ltr'><strong>eximiis</strong></span> 
     </span>
     <span class='ocr_line' id='line_1_9' title="bbox 101 855 1224 908; baseline -0.005 -10"><span class='ocrx_word' id='word_1_61' title='bbox 101 859 205 898; x_wconf 87' lang='lat' dir='ltr'><strong>hisce</strong></span> <span class='ocrx_word' id='word_1_62' title='bbox 236 858 360 898; x_wconf 90' lang='lat' dir='ltr'><strong>verbis</strong></span> <span class='ocrx_word' id='word_1_63' title='bbox 393 860 472 908; x_wconf 89' lang='lat' dir='ltr'><strong>ejus</strong></span> <span class='ocrx_word' id='word_1_64' title='bbox 507 858 650 897; x_wconf 84' lang='lat' dir='ltr'><strong>laudem</strong></span> <span class='ocrx_word' id='word_1_65' title='bbox 690 857 911 905; x_wconf 83' lang='lat' dir='ltr'><strong>complexus</strong></span> <span class='ocrx_word' id='word_1_66' title='bbox 941 864 998 894; x_wconf 89' lang='lat' dir='ltr'><strong>est</strong></span> <span class='ocrx_word' id='word_1_67' title='bbox 1031 855 1224 894; x_wconf 64' lang='lat' dir='ltr'><strong>Romanoa</strong></span> 
     </span>
     <span class='ocr_line' id='line_1_10' title="bbox 101 918 1223 975; baseline -0.002 -10"><span class='ocrx_word' id='word_1_68' title='bbox 101 939 184 965; x_wconf 90' lang='lat' dir='ltr'><strong>rum</strong></span> <span class='ocrx_word' id='word_1_69' title='bbox 208 928 335 966; x_wconf 85' lang='lat' dir='ltr'><strong>Plato:</strong></span> <span class='ocrx_word' id='word_1_70' title='bbox 379 954 403 974; x_wconf 89' lang='lat'>„</span> <span class='ocrx_word' id='word_1_71' title='bbox 422 918 457 965; x_wconf 83' lang='lat' dir='ltr'>O</span> <span class='ocrx_word' id='word_1_72' title='bbox 487 929 586 968; x_wconf 79' lang='lat' dir='ltr'><strong>vitae</strong></span> <span class='ocrx_word' id='word_1_73' title='bbox 610 925 855 975; x_wconf 88' lang='lat' dir='ltr'><strong>philosophia</strong></span> <span class='ocrx_word' id='word_1_74' title='bbox 881 925 984 965; x_wconf 82' lang='lat' dir='ltr'><strong>dux!</strong></span> <span class='ocrx_word' id='word_1_75' title='bbox 1022 935 1046 962; x_wconf 89' lang='grc' dir='ltr'>ο</span> <span class='ocrx_word' id='word_1_76' title='bbox 1069 924 1223 963; x_wconf 82' lang='lat' dir='ltr'><strong>virtuti-s</strong></span> 
     </span>
     <span class='ocr_line' id='line_1_11' title="bbox 100 994 1223 1045; baseline 0 -12"><span class='ocrx_word' id='word_1_77' title='bbox 100 996 304 1044; x_wconf 84' lang='lat' dir='ltr'><strong>indagatrix</strong></span> <span class='ocrx_word' id='word_1_78' title='bbox 334 996 602 1045; x_wconf 83' lang='lat' dir='ltr'><strong>expultrixque</strong></span> <span class='ocrx_word' id='word_1_79' title='bbox 633 994 835 1034; x_wconf 79' lang='lat' dir='ltr'><strong>vitiorum!</strong></span> <span class='ocrx_word' id='word_1_80' title='bbox 877 994 969 1043; x_wconf 89' lang='lat' dir='ltr'><strong>quid</strong></span> <span class='ocrx_word' id='word_1_81' title='bbox 998 1005 1076 1034; x_wconf 85' lang='lat' dir='ltr'><strong>non</strong></span> <span class='ocrx_word' id='word_1_82' title='bbox 1108 995 1223 1033; x_wconf 86' lang='lat' dir='ltr'><strong>modo&#39;</strong></span> 
     </span>
     <span class='ocr_line' id='line_1_12' title="bbox 100 1065 1223 1114; baseline -0.002 -10"><span class='ocrx_word' id='word_1_83' title='bbox 100 1076 200 1109; x_wconf 83' lang='lat' dir='ltr'><strong>nos,</strong></span> <span class='ocrx_word' id='word_1_84' title='bbox 235 1066 303 1104; x_wconf 90' lang='lat' dir='ltr'><strong>sed</strong></span> <span class='ocrx_word' id='word_1_85' title='bbox 341 1067 493 1103; x_wconf 80' lang='lat' dir='ltr'><strong>omnino</strong></span> <span class='ocrx_word' id='word_1_86' title='bbox 534 1067 611 1103; x_wconf 92' lang='lat' dir='ltr'><strong>vita</strong></span> <span class='ocrx_word' id='word_1_87' title='bbox 648 1066 841 1105; x_wconf 90' lang='lat' dir='ltr'><strong>hominum</strong></span> <span class='ocrx_word' id='word_1_88' title='bbox 875 1065 956 1103; x_wconf 86' lang='lat' dir='ltr'><strong>sine</strong></span> <span class='ocrx_word' id='word_1_89' title='bbox 988 1073 1024 1103; x_wconf 88' lang='lat' dir='ltr'><strong>te</strong></span> <span class='ocrx_word' id='word_1_90' title='bbox 1048 1076 1130 1103; x_wconf 90' lang='lat' dir='ltr'><strong>esse</strong></span> <span class='ocrx_word' id='word_1_91' title='bbox 1153 1076 1223 1114; x_wconf 92' lang='lat' dir='ltr'><strong>po-</strong></span> 
     </span>
     <span class='ocr_line' id='line_1_13' title="bbox 101 1133 1223 1184; baseline -0.002 -10"><span class='ocrx_word' id='word_1_92' title='bbox 101 1136 266 1174; x_wconf 72' lang='lat' dir='ltr'><strong>tuisset‘?</strong></span> <span class='ocrx_word' id='word_1_93' title='bbox 305 1145 346 1174; x_wconf 92' lang='lat' dir='ltr'><strong>tu</strong></span> <span class='ocrx_word' id='word_1_94' title='bbox 378 1136 486 1175; x_wconf 86' lang='lat' dir='ltr'><strong>urbes</strong></span> <span class='ocrx_word' id='word_1_95' title='bbox 524 1135 725 1184; x_wconf 89' lang='lat' dir='ltr'><strong>peperisti:</strong></span> <span class='ocrx_word' id='word_1_96' title='bbox 754 1143 798 1173; x_wconf 89' lang='lat' dir='ltr'><strong>tu</strong></span> <span class='ocrx_word' id='word_1_97' title='bbox 822 1135 1024 1183; x_wconf 84' lang='lat' dir='ltr'><strong>dissipatos</strong></span> <span class='ocrx_word' id='word_1_98' title='bbox 1050 1133 1223 1172; x_wconf 88' lang='lat' dir='ltr'><strong>homines</strong></span> 
     </span>
     <span class='ocr_line' id='line_1_14' title="bbox 101 1203 1223 1253; baseline -0.004 -8"><span class='ocrx_word' id='word_1_99' title='bbox 101 1207 140 1245; x_wconf 90' lang='lat' dir='ltr'><strong>in</strong></span> <span class='ocrx_word' id='word_1_100' title='bbox 176 1206 388 1245; x_wconf 90' lang='lat' dir='ltr'><strong>societatem</strong></span> <span class='ocrx_word' id='word_1_101' title='bbox 428 1206 526 1244; x_wconf 88' lang='lat' dir='ltr'><strong>vitae</strong></span> <span class='ocrx_word' id='word_1_102' title='bbox 563 1205 812 1253; x_wconf 83' lang='lat' dir='ltr'><strong>convocasti,</strong></span> <span class='ocrx_word' id='word_1_103' title='bbox 857 1213 899 1242; x_wconf 91' lang='lat' dir='ltr'><strong>tu</strong></span> <span class='ocrx_word' id='word_1_104' title='bbox 939 1215 1005 1242; x_wconf 86' lang='lat' dir='ltr'><strong>eos</strong></span> <span class='ocrx_word' id='word_1_105' title='bbox 1046 1203 1142 1242; x_wconf 90' lang='lat' dir='ltr'><strong>inter</strong></span> <span class='ocrx_word' id='word_1_106' title='bbox 1179 1205 1223 1242; x_wconf 84' lang='lat' dir='ltr'><strong>se&#39;</strong></span> 
     </span>
     <span class='ocr_line' id='line_1_15' title="bbox 99 1273 1223 1325; baseline -0.004 -10"><span class='ocrx_word' id='word_1_107' title='bbox 99 1277 221 1325; x_wconf 88' lang='lat' dir='ltr'><strong>primo</strong></span> <span class='ocrx_word' id='word_1_108' title='bbox 261 1275 486 1324; x_wconf 84' lang='lat' dir='ltr'><strong>domiciliis,</strong></span> <span class='ocrx_word' id='word_1_109' title='bbox 527 1275 658 1314; x_wconf 89' lang='lat' dir='ltr'><strong>deinde</strong></span> <span class='ocrx_word' id='word_1_110' title='bbox 697 1274 907 1325; x_wconf 80' lang='lat' dir='ltr'><strong>conjugiis,</strong></span> <span class='ocrx_word' id='word_1_111' title='bbox 959 1283 1039 1312; x_wconf 88' lang='lat' dir='ltr'><strong>tum</strong></span> <span class='ocrx_word' id='word_1_112' title='bbox 1080 1273 1223 1312; x_wconf 63' lang='lat' dir='ltr'><strong>littera-&gt;</strong></span> 
     </span>
     <span class='ocr_line' id='line_1_16' title="bbox 99 1341 1220 1395; baseline -0.004 -10"><span class='ocrx_word' id='word_1_113' title='bbox 99 1359 181 1385; x_wconf 90' lang='lat' dir='ltr'><strong>rum</strong></span> <span class='ocrx_word' id='word_1_114' title='bbox 210 1356 247 1385; x_wconf 89' lang='lat' dir='ltr'><strong>et</strong></span> <span class='ocrx_word' id='word_1_115' title='bbox 284 1358 418 1386; x_wconf 90' lang='lat' dir='ltr'><strong>vocum</strong></span> <span class='ocrx_word' id='word_1_116' title='bbox 454 1346 718 1384; x_wconf 88' lang='lat' dir='ltr'><strong>communione</strong></span> <span class='ocrx_word' id='word_1_117' title='bbox 750 1344 938 1395; x_wconf 84' lang='lat' dir='ltr'><strong>junxisti:</strong></span> <span class='ocrx_word' id='word_1_118' title='bbox 967 1353 1010 1382; x_wconf 90' lang='lat' dir='ltr'><strong>tu</strong></span> <span class='ocrx_word' id='word_1_119' title='bbox 1034 1341 1220 1382; x_wconf 81' lang='lat' dir='ltr'><strong>inventrix</strong></span> 
     </span>
     <span class='ocr_line' id='line_1_17' title="bbox 100 1418 1218 1472; baseline -0.004 -12"><span class='ocrx_word' id='word_1_120' title='bbox 100 1423 252 1472; x_wconf 88' lang='lat' dir='ltr'><strong>legum,</strong></span> <span class='ocrx_word' id='word_1_121' title='bbox 292 1431 334 1459; x_wconf 94' lang='lat' dir='ltr'><strong>tu</strong></span> <span class='ocrx_word' id='word_1_122' title='bbox 372 1421 546 1470; x_wconf 86' lang='lat' dir='ltr'><strong>magistra</strong></span> <span class='ocrx_word' id='word_1_123' title='bbox 586 1420 732 1458; x_wconf 69' lang='lat' dir='ltr'><strong>mo‘rutn</strong></span> <span class='ocrx_word' id='word_1_124' title='bbox 767 1429 803 1459; x_wconf 90' lang='lat' dir='ltr'><strong>et</strong></span> <span class='ocrx_word' id='word_1_125' title='bbox 837 1419 1055 1468; x_wconf 88' lang='lat' dir='ltr'><strong>disciplinae</strong></span> <span class='ocrx_word' id='word_1_126' title='bbox 1092 1418 1218 1457; x_wconf 87' lang='lat' dir='ltr'><strong>fuisti.</strong></span> 
     </span>
     <span class='ocr_line' id='line_1_18' title="bbox 100 1488 1222 1539; baseline -0.003 -9"><span class='ocrx_word' id='word_1_127' title='bbox 100 1493 145 1531; x_wconf 89' lang='lat' dir='ltr'><strong>ad</strong></span> <span class='ocrx_word' id='word_1_128' title='bbox 177 1500 215 1530; x_wconf 89' lang='lat' dir='ltr'><strong>te</strong></span> <span class='ocrx_word' id='word_1_129' title='bbox 242 1491 503 1537; x_wconf 83' lang='lat' dir='ltr'><strong>confugimus:</strong></span> <span class='ocrx_word' id='word_1_130' title='bbox 538 1502 559 1528; x_wconf 85' lang='lat' dir='ltr'><strong>a</strong></span> <span class='ocrx_word' id='word_1_131' title='bbox 600 1499 637 1529; x_wconf 91' lang='lat' dir='ltr'><strong>te</strong></span> <span class='ocrx_word' id='word_1_132' title='bbox 670 1502 778 1539; x_wconf 92' lang='lat' dir='ltr'><strong>opem</strong></span> <span class='ocrx_word' id='word_1_133' title='bbox 805 1490 995 1539; x_wconf 84' lang='lat' dir='ltr'><strong>petimus:</strong></span> <span class='ocrx_word' id='word_1_134' title='bbox 1024 1488 1092 1527; x_wconf 89' lang='lat' dir='ltr'><strong>tibi</strong></span> <span class='ocrx_word' id='word_1_135' title='bbox 1118 1500 1190 1527; x_wconf 87' lang='lat' dir='ltr'><strong>nos</strong></span> <span class='ocrx_word' id='word_1_136' title='bbox 1205 1506 1222 1535; x_wconf 69' lang='grc' dir='ltr'><strong>,Δ</strong></span> 
     </span>
     <span class='ocr_line' id='line_1_19' title="bbox 100 1560 1223 1609; baseline -0.003 -9"><span class='ocrx_word' id='word_1_137' title='bbox 100 1571 143 1600; x_wconf 86' lang='lat' dir='ltr'><strong>ut</strong></span> <span class='ocrx_word' id='word_1_138' title='bbox 163 1573 266 1600; x_wconf 84' lang='lat' dir='ltr'><strong>antea</strong></span> <span class='ocrx_word' id='word_1_139' title='bbox 290 1572 417 1609; x_wconf 88' lang='lat' dir='ltr'><strong>magna</strong></span> <span class='ocrx_word' id='word_1_140' title='bbox 438 1572 484 1599; x_wconf 92' lang='lat' dir='ltr'><strong>ex</strong></span> <span class='ocrx_word' id='word_1_141' title='bbox 505 1569 633 1609; x_wconf 86' lang='lat' dir='ltr'><strong>parte,</strong></span> <span class='ocrx_word' id='word_1_142' title='bbox 657 1560 709 1599; x_wconf 89' lang='lat' dir='ltr'><strong>sic</strong></span> <span class='ocrx_word' id='word_1_143' title='bbox 733 1571 833 1598; x_wconf 88' lang='lat' dir='ltr'><strong>nunc</strong></span> <span class='ocrx_word' id='word_1_144' title='bbox 863 1560 1014 1609; x_wconf 87' lang='lat' dir='ltr'><strong>penitus</strong></span> <span class='ocrx_word' id='word_1_145' title='bbox 1037 1561 1223 1607; x_wconf 81' lang='lat' dir='ltr'><strong>totosque&#39;</strong></span> 
     </span>
     <span class='ocr_line' id='line_1_20' title="bbox 99 1630 1221 1678; baseline -0.002 -8"><span class='ocrx_word' id='word_1_146' title='bbox 99 1632 292 1671; x_wconf 84' lang='lat' dir='ltr'><strong>tradimus.</strong></span> <span class='ocrx_word' id='word_1_147' title='bbox 346 1633 417 1670; x_wconf 90' lang='lat' dir='ltr'><strong>Est</strong></span> <span class='ocrx_word' id='word_1_148' title='bbox 455 1639 578 1669; x_wconf 86' lang='lat' dir='ltr'><strong>autem</strong></span> <span class='ocrx_word' id='word_1_149' title='bbox 622 1641 718 1670; x_wconf 88' lang='lat' dir='ltr'><strong>unus</strong></span> <span class='ocrx_word' id='word_1_150' title='bbox 753 1630 831 1668; x_wconf 89' lang='lat' dir='ltr'><strong>dies</strong></span> <span class='ocrx_word' id='word_1_151' title='bbox 861 1631 957 1668; x_wconf 88' lang='lat' dir='ltr'><strong>bene</strong></span> <span class='ocrx_word' id='word_1_152' title='bbox 980 1639 1016 1668; x_wconf 89' lang='lat' dir='ltr'><strong>et</strong></span> <span class='ocrx_word' id='word_1_153' title='bbox 1043 1642 1089 1669; x_wconf 89' lang='lat' dir='ltr'><strong>ex</strong></span> <span class='ocrx_word' id='word_1_154' title='bbox 1115 1637 1221 1678; x_wconf 82' lang='lat' dir='ltr'><strong>prae-&#39;</strong></span> 
     </span>
     <span class='ocr_line' id='line_1_21' title="bbox 101 1700 1221 1751; baseline -0.003 -11"><span class='ocrx_word' id='word_1_155' title='bbox 101 1703 221 1751; x_wconf 87' lang='lat' dir='ltr'><strong>ceptis</strong></span> <span class='ocrx_word' id='word_1_156' title='bbox 253 1703 328 1740; x_wconf 88' lang='lat' dir='ltr'><strong>tuis</strong></span> <span class='ocrx_word' id='word_1_157' title='bbox 361 1710 466 1740; x_wconf 89' lang='lat' dir='ltr'><strong>actus</strong></span> <span class='ocrx_word' id='word_1_158' title='bbox 494 1701 663 1749; x_wconf 88' lang='lat' dir='ltr'><strong>peccanti</strong></span> <span class='ocrx_word' id='word_1_159' title='bbox 696 1700 964 1738; x_wconf 84' lang='lat' dir='ltr'><strong>immortalitati</strong></span> <span class='ocrx_word' id='word_1_160' title='bbox 989 1708 1221 1748; x_wconf 50' lang='lat' dir='ltr'><strong>anteponens</strong></span> 
     </span>
     <span class='ocr_line' id='line_1_22' title="bbox 102 1763 1219 1822; baseline -0.002 -12"><span class='ocrx_word' id='word_1_161' title='bbox 102 1773 189 1810; x_wconf 90' lang='lat' dir='ltr'><strong>dus.</strong></span> <span class='ocrx_word' id='word_1_162' title='bbox 224 1773 347 1822; x_wconf 80' lang='lat' dir='ltr'><strong>CuJ&#39;us</strong></span> <span class='ocrx_word' id='word_1_163' title='bbox 369 1771 483 1820; x_wconf 86' lang='lat' dir='ltr'><strong>igitur</strong></span> <span class='ocrx_word' id='word_1_164' title='bbox 505 1769 636 1820; x_wconf 91' lang='lat' dir='ltr'><strong>potius</strong></span> <span class='ocrx_word' id='word_1_165' title='bbox 656 1769 794 1819; x_wconf 85' lang='lat' dir='ltr'><strong>opibus</strong></span> <span class='ocrx_word' id='word_1_166' title='bbox 817 1779 964 1808; x_wconf 85' lang='lat' dir='ltr'><strong>utamur</strong></span> <span class='ocrx_word' id='word_1_167' title='bbox 985 1781 1093 1816; x_wconf 84' lang='lat' dir='ltr'><strong>quam</strong></span> <span class='ocrx_word' id='word_1_168' title='bbox 1111 1763 1219 1808; x_wconf 71' lang='lat' dir='ltr'><strong>tuis?</strong></span> 
     </span>
     <span class='ocr_line' id='line_1_23' title="bbox 104 1839 1218 1891; baseline -0.004 -10"><span class='ocrx_word' id='word_1_169' title='bbox 104 1854 197 1891; x_wconf 85' lang='lat' dir='ltr'><strong>quae</strong></span> <span class='ocrx_word' id='word_1_170' title='bbox 228 1851 265 1880; x_wconf 91' lang='lat' dir='ltr'><strong>et</strong></span> <span class='ocrx_word' id='word_1_171' title='bbox 299 1842 396 1880; x_wconf 88' lang='lat' dir='ltr'><strong>vitae</strong></span> <span class='ocrx_word' id='word_1_172' title='bbox 436 1841 741 1889; x_wconf 84' lang='lat' dir='ltr'><strong>tranquillitatem</strong></span> <span class='ocrx_word' id='word_1_173' title='bbox 785 1841 914 1888; x_wconf 87' lang='lat' dir='ltr'><strong>largita</strong></span> <span class='ocrx_word' id='word_1_174' title='bbox 949 1839 1060 1879; x_wconf 85' lang='lat' dir='ltr'><strong>nobis</strong></span> <span class='ocrx_word' id='word_1_175' title='bbox 1098 1851 1137 1877; x_wconf 88' lang='lat' dir='ltr'><strong>es</strong></span> <span class='ocrx_word' id='word_1_176' title='bbox 1180 1848 1218 1877; x_wconf 87' lang='lat' dir='ltr'><strong>et</strong></span> 
     </span>
     <span class='ocr_line' id='line_1_24' title="bbox 99 1909 791 1958; baseline -0.006 -6"><span class='ocrx_word' id='word_1_177' title='bbox 99 1922 278 1953; x_wconf 86' lang='lat' dir='ltr'><strong>terrorem</strong></span> <span class='ocrx_word' id='word_1_178' title='bbox 307 1911 437 1949; x_wconf 89' lang='lat' dir='ltr'><strong>mortis</strong></span> <span class='ocrx_word' id='word_1_179' title='bbox 467 1910 683 1949; x_wconf 86' lang='lat' dir='ltr'><strong>sustulisti”</strong></span> <span class='ocrx_word' id='word_1_180' title='bbox 706 1909 791 1958; x_wconf 66' lang='grc' dir='ltr'>(ε).</span> 
     </span>
    </p>

    <p class='ocr_par' dir='ltr' id='par_1_3' title="bbox 100 1977 1219 2170">
     <span class='ocr_line' id='line_1_25' title="bbox 149 1977 1219 2029; baseline -0.004 -8"><span class='ocrx_word' id='word_1_181' title='bbox 149 1983 206 2021; x_wconf 89' lang='lat' dir='ltr'><strong>Ita</strong></span> <span class='ocrx_word' id='word_1_182' title='bbox 249 1983 294 2020; x_wconf 89' lang='lat' dir='ltr'><strong>ad</strong></span> <span class='ocrx_word' id='word_1_183' title='bbox 338 1980 613 2029; x_wconf 84' lang='lat' dir='ltr'><strong>philosophiam</strong></span> <span class='ocrx_word' id='word_1_184' title='bbox 665 1978 933 2028; x_wconf 85' lang='lat' dir='ltr'><strong>confugiebant</strong></span> <span class='ocrx_word' id='word_1_185' title='bbox 984 1977 1128 2026; x_wconf 83' lang='lat' dir='ltr'><strong>antiqui</strong></span> <span class='ocrx_word' id='word_1_186' title='bbox 1179 1977 1219 2017; x_wconf 80' lang='lat' dir='ltr'><strong>et</strong></span> 
     </span>
     <span class='ocr_line' id='line_1_26' title="bbox 100 2049 1212 2098; baseline -0.003 -7"><span class='ocrx_word' id='word_1_187' title='bbox 100 2053 185 2092; x_wconf 85' lang='lat' dir='ltr'><strong>inde</strong></span> <span class='ocrx_word' id='word_1_188' title='bbox 223 2063 333 2090; x_wconf 88' lang='lat' dir='ltr'><strong>omne</strong></span> <span class='ocrx_word' id='word_1_189' title='bbox 372 2050 545 2088; x_wconf 84' lang='lat' dir='ltr'><strong>solatium</strong></span> <span class='ocrx_word' id='word_1_190' title='bbox 588 2061 790 2098; x_wconf 85' lang='lat' dir='ltr'><strong>quaerere,</strong></span> <span class='ocrx_word' id='word_1_191' title='bbox 829 2049 914 2087; x_wconf 87' lang='lat' dir='ltr'><strong>inde</strong></span> <span class='ocrx_word' id='word_1_192' title='bbox 955 2049 1047 2097; x_wconf 90' lang='lat' dir='ltr'><strong>quid</strong></span> <span class='ocrx_word' id='word_1_193' title='bbox 1085 2061 1212 2088; x_wconf 88' lang='lat' dir='ltr'><strong>verum</strong></span> 
     </span>
     <span class='ocr_line' id='line_1_27' title="bbox 101 2119 1213 2170; baseline -0.005 -8"><span class='ocrx_word' id='word_1_194' title='bbox 101 2134 197 2163; x_wconf 87' lang='lat' dir='ltr'><strong>esset</strong></span> <span class='ocrx_word' id='word_1_195' title='bbox 223 2122 468 2170; x_wconf 79' lang='lat' dir='ltr'><strong>exquirentes</strong></span> <span class='ocrx_word' id='word_1_196' title='bbox 486 2149 498 2167; x_wconf 87' lang='lat'><strong>‚</strong></span> <span class='ocrx_word' id='word_1_197' title='bbox 537 2120 742 2158; x_wconf 89' lang='lat' dir='ltr'><strong>libertatem</strong></span> <span class='ocrx_word' id='word_1_198' title='bbox 777 2120 948 2157; x_wconf 87' lang='lat' dir='ltr'><strong>moralem</strong></span> <span class='ocrx_word' id='word_1_199' title='bbox 976 2127 1012 2156; x_wconf 91' lang='lat' dir='ltr'><strong>et</strong></span> <span class='ocrx_word' id='word_1_200' title='bbox 1037 2119 1213 2157; x_wconf 85' lang='lat' dir='ltr'><strong>virtutem</strong></span> 
     </span>
    </p>

    <p class='ocr_par' dir='ltr' id='par_1_4' title="bbox 1135 2198 1218 2226">
     <span class='ocr_line' id='line_1_28' title="bbox 1135 2198 1218 2226; baseline 0.012 -1"><span class='ocrx_word' id='word_1_201' title='bbox 1135 2198 1218 2226; x_wconf 74' lang='lat' dir='ltr'><strong>vin:</strong></span> 
     </span>
    </p>
   </div>
   <div class='ocr_carea' id='block_1_3' title="bbox 101 2271 1214 2422">
    <p class='ocr_par' dir='ltr' id='par_1_5' title="bbox 101 2271 1214 2422">
     <span class='ocr_line' id='line_1_29' title="bbox 143 2271 602 2314; baseline -0.007 -9"><span class='ocrx_word' id='word_1_202' title='bbox 143 2276 191 2314; x_wconf 85' lang='grc' dir='ltr'><strong>(ι)</strong></span> <span class='ocrx_word' id='word_1_203' title='bbox 218 2274 337 2305; x_wconf 79' lang='lat' dir='ltr'><strong>Seneca</strong></span> <span class='ocrx_word' id='word_1_204' title='bbox 358 2274 471 2313; x_wconf 74' lang='lat' dir='ltr'><strong>Epist.</strong></span> <span class='ocrx_word' id='word_1_205' title='bbox 491 2271 602 2302; x_wconf 86' lang='lat' dir='ltr'><strong>LXV.</strong></span> 
     </span>
     <span class='ocr_line' id='line_1_30' title="bbox 143 2322 1214 2369; baseline -0.006 -11"><span class='ocrx_word' id='word_1_206' title='bbox 143 2330 192 2369; x_wconf 66' lang='grc' dir='ltr'><strong>(ῃ.)</strong></span> <span class='ocrx_word' id='word_1_207' title='bbox 215 2327 285 2358; x_wconf 88' lang='lat' dir='ltr'><strong>Cic.</strong></span> <span class='ocrx_word' id='word_1_208' title='bbox 321 2329 418 2357; x_wconf 73' lang='lat' dir='ltr'><strong>Taso.</strong></span> <span class='ocrx_word' id='word_1_209' title='bbox 448 2327 586 2367; x_wconf 79' lang='lat' dir='ltr'><strong>Quaest.</strong></span> <span class='ocrx_word' id='word_1_210' title='bbox 613 2324 691 2355; x_wconf 84' lang='lat' dir='ltr'><strong>Lib.</strong></span> <span class='ocrx_word' id='word_1_211' title='bbox 716 2323 758 2354; x_wconf 87' lang='lat' dir='ltr'><strong>V.</strong></span> <span class='ocrx_word' id='word_1_212' title='bbox 785 2335 803 2355; x_wconf 84' lang='lat' dir='ltr'><strong>c</strong></span> <span class='ocrx_word' id='word_1_213' title='bbox 842 2334 876 2358; x_wconf 73' lang='lat'><strong>2.</strong></span> <span class='ocrx_word' id='word_1_214' title='bbox 936 2322 997 2354; x_wconf 81' lang='lat' dir='ltr'><strong>Cff.</strong></span> <span class='ocrx_word' id='word_1_215' title='bbox 1025 2327 1092 2353; x_wconf 73' lang='lat' dir='ltr'><strong>tutu</strong></span> <span class='ocrx_word' id='word_1_216' title='bbox 1115 2323 1214 2363; x_wconf 61' lang='lat' dir='ltr'><strong>hujus&gt;</strong></span> 
     </span>
     <span class='ocr_line' id='line_1_31' title="bbox 101 2379 746 2422; baseline -0.003 -10"><span class='ocrx_word' id='word_1_217' title='bbox 101 2383 214 2422; x_wconf 79' lang='lat' dir='ltr'><strong>capitis</strong></span> <span class='ocrx_word' id='word_1_218' title='bbox 238 2381 365 2411; x_wconf 77' lang='lat' dir='ltr'><strong>initium</strong></span> <span class='ocrx_word' id='word_1_219' title='bbox 391 2385 456 2410; x_wconf 81' lang='lat' dir='ltr'><strong>tum</strong></span> <span class='ocrx_word' id='word_1_220' title='bbox 481 2381 559 2412; x_wconf 80' lang='lat' dir='ltr'><strong>Lib.</strong></span> <span class='ocrx_word' id='word_1_221' title='bbox 582 2379 651 2411; x_wconf 84' lang='lat'>111.</span> <span class='ocrx_word' id='word_1_222' title='bbox 671 2379 746 2411; x_wconf 82' lang='lat' dir='ltr'><strong>c.6·</strong></span> 
     </span>
    </p>
   </div>
   <div class='ocr_carea' id='block_1_4' title="bbox 624 2440 695 2478">
    <p class='ocr_par' dir='ltr' id='par_1_6' title="bbox 624 2440 695 2478">
     <span class='ocr_line' id='line_1_32' title="bbox 624 2440 695 2478; baseline -0.014 0"><span class='ocrx_word' id='word_1_223' title='bbox 624 2440 695 2478; x_wconf 88' lang='lat' dir='ltr'><strong>F2</strong></span> 
     </span>
    </p>
   </div>
  </div>
 </body>
</html>
