1549 2881
55 286 128 322 230

29 450 66 489 T
67 450 125 493 ab.

191 452 338 501 Figura.

446 276 1102 321 COMMENTATIO

469 386 1073 430 MACROGLOSSUM.

23 524 126 535 ——
149 527 382 537 ι---

38 565 102 602 94·

26 634 112 669 142.

26 696 112 742 146.

23 773 109 808 147.

24 831 108 877 148.

19 900 105 944 248.

21 968 106 1014 285.

28 1518 87 1554 88.

14 1595 104 1632 247.

13 1726 98 1772 398.

247 555 296 593 C.

236 624 286 692 'F'

239 692 294 732 G.

240 760 291 798 C.

240 828 285 866 B.

240 966 288 1006 C.

230 1519 281 1762 eom*

401 551 460 590 M.
491 553 602 592 Belis.
631 554 708 591 Cr.

400 621 458 660 M.
489 621 617 659 Titan.
646 622 734 661 fem.
763 625 839 663 Cr.

400 691 456 729 M.
484 692 683 731 Caeculus.
714 694 792 732 Cr.

398 761 488 800 Mst?
514 762 717 801 brunnum.
746 764 857 802 Fab.

396 830 454 869 M.
484 831 618 879 Hylas.
648 833 756 872 Fab.
810 834 958 884 (Picus.
988 837 1091 885 Cr.)

395 901 454 940 M.
481 899 669 950 Pelasgus.
699 905 774 942 Cr.

394 971 453 1010 M.
487 972 596 1009 Faro.
628 973 704 1010 Cr.

621 1094 1272 1140 SMERINTHUS.

438 1221 550 1271 Palpi
570 1223 800 1270 compressi,
829 1223 1047 1261 densissime
1068 1221 1280 1271 squamati,
1305 1221 1496 1270 contigui,

387 1291 542 1328 articulo
580 1292 688 1329 tertio
731 1293 796 1330 vix
838 1293 1031 1330 distincto.
1099 1293 1294 1330 Antemnae
1332 1292 1500 1340 subpris-

389 1361 538 1398 maticae
555 1389 567 1406 ‚
596 1360 755 1399 medium
789 1372 918 1399 versus
946 1371 981 1399 et
1005 1362 1139 1399 sensim
1171 1362 1396 1407 crassiores,
1423 1373 1499 1398 ser-

390 1438 498 1468 ratae.
527 1432 680 1480 Lingua
705 1431 922 1470 brevissima
948 1441 984 1468 et
1010 1431 1134 1479 spuria
1152 1459 1164 1476 ,
1193 1440 1256 1469 aut
1280 1429 1357 1468 fere
1379 1431 1493 1468 nulla.

391 1517 431 1555 S.
460 1520 623 1575 Apuius.
655 1518 760 1556 Fab.

388 1588 428 1625 S.
458 1588 676 1626 Choerilus.
705 1589 781 1627 Cr.

387 1655 428 1693 S.
457 1657 614 1704 Myron.
649 1657 681 1694 C
700 1668 728 1693 r.

373 1726 426 1774 ,8.
454 1726 603 1774 Populi.
633 1727 741 1764 Fab.
804 1727 1186 1775 (hermaphroditus.)
1213 1729 1282 1777 (1)

424 1854 470 1892 (1)
495 1853 662 1884 Praeterea
685 1856 723 1883 ad
753 1855 814 1885 hoc
846 1866 942 1895 genus
974 1856 1068 1885 etiam
1103 1856 1285 1885 referuntur
1307 1865 1324 1884 a
1343 1855 1424 1886 viris
1444 1855 1485 1886 cl.

383 1907 418 1937 le
446 1907 640 1938 Peletier
668 1908 715 1938 de
744 1909 1089 1949 saint-Fargeau
1119 1913 1152 1938 et
1180 1908 1372 1941 Serville
1396 1909 1492 1950 (Enc-

382 1959 485 1991 Meth.
519 1966 597 1991 tom.
627 1962 672 1993 X.
705 1973 783 1993 voce
815 1962 1035 2003 Smerinthus)
1073 1963 1290 2002 Lepidoptera
1310 1963 1485 1993 Phalarim

384 2017 442 2044 Cr.
466 2015 537 2056 149.
562 2017 623 2052 A.,
659 2016 867 2046 Hasdrubal.
889 2016 959 2047 246.
984 2016 1020 2046 F.
1035 2038 1045 2054 ‚
1088 2018 1294 2047 Gannascus.
1316 2016 1420 2055 Supp.
1441 2015 1493 2051 35,

380 2068 407 2100 f.
425 2068 455 2099 5.
476 2069 552 2106 5b.,
580 2070 752 2099 Timesius.
775 2068 878 2108 Supp·
900 2069 952 2100 40.
974 2069 998 2099 s.
1021 2078 1073 2106 1.,
1096 2069 1237 2099 Pholus.
1250 2069 1303 2109 87.
1325 2068 1383 2105 B.,
1407 2069 1491 2098 den-

381 2127 485 2152 tatus.
509 2122 579 2153 125.
601 2122 644 2152 G.
663 2143 674 2160 ,
702 2124 845 2163 Gorgon.
867 2123 938 2156 142.
962 2123 1022 2159 E.‚
1053 2132 1189 2163 quorum
1222 2124 1360 2162 quatuor
1380 2122 1490 2160 priora

381 2175 446 2204 vidi
479 2176 624 2204 antennis
655 2175 785 2216 quidem
817 2178 891 2216 plus
921 2177 1063 2207 minusve
1091 2176 1241 2212 serratis,
1276 2175 1381 2215 lingua
1414 2184 1492 2206 vero

382 2228 470 2267 longa
498 2227 663 2266 praedita,
694 2229 742 2258 uti
775 2228 992 2259 Cramer-us
1025 2230 1118 2260 etiam
1139 2228 1178 2258 de
1199 2230 1316 2259 ceteris
1343 2229 1489 2259 affirmat.

382 2280 489 2322 Quum
520 2282 617 2321 igitur
652 2281 747 2322 hujus
780 2284 903 2322 generis
935 2283 1103 2314 character
1133 2283 1266 2312 maxime
1299 2283 1333 2312 in
1365 2282 1489 2322 linguae

384 2335 538 2367 brevitate
560 2334 640 2366 situs
661 2336 724 2373 sit,
747 2346 781 2366 ea
804 2336 911 2376 potius
931 2336 969 2366 ad
992 2345 1086 2376 genus
1111 2336 1233 2376 Sphinx
1255 2335 1364 2366 retuli.

1382 2442 1493 2480 SEC-
