<?xml version="1.0" encoding="UTF-8"?>
<!DOCTYPE html PUBLIC "-//W3C//DTD XHTML 1.0 Transitional//EN"
    "http://www.w3.org/TR/xhtml1/DTD/xhtml1-transitional.dtd">
<html xmlns="http://www.w3.org/1999/xhtml" xml:lang="en" lang="en">
 <head>
  <title>
</title>
<meta http-equiv="Content-Type" content="text/html;charset=utf-8" />
  <meta name='ocr-system' content='tesseract 3.04.00' />
  <meta name='ocr-capabilities' content='ocr_page ocr_carea ocr_par ocr_line ocrx_word'/>
</head>
<body>
  <div class='ocr_page' id='page_1' title='image "annalesacademiae36acad_0401.png"; bbox 0 0 1492 2896; ppageno 0'>
   <div class='ocr_carea' id='block_1_1' title="bbox 256 220 1194 290">
    <p class='ocr_par' dir='ltr' id='par_1_1' title="bbox 256 220 1194 290">
     <span class='ocr_line' id='line_1_1' title="bbox 256 220 1194 290; baseline 0.021 -30"><span class='ocrx_word' id='word_1_1' title='bbox 256 220 646 266; x_wconf 89' lang='lat' dir='ltr'><strong>PHILOSOPHICO</strong></span> <span class='ocrx_word' id='word_1_2' title='bbox 658 248 676 259; x_wconf 81' lang='lat'><em>—</em></span> <span class='ocrx_word' id='word_1_3' title='bbox 691 228 1002 274; x_wconf 81' lang='lat' dir='ltr'><strong>HISTORICA.</strong></span> <span class='ocrx_word' id='word_1_4' title='bbox 1142 242 1194 290; x_wconf 79' lang='lat'>65</span> 
     </span>
    </p>
   </div>
   <div class='ocr_carea' id='block_1_2' title="bbox 8 327 1186 2221">
    <p class='ocr_par' dir='ltr' id='par_1_2' title="bbox 8 327 1186 2221">
     <span class='ocr_line' id='line_1_2' title="bbox 70 327 1186 389; baseline 0.022 -24"><span class='ocrx_word' id='word_1_5' title='bbox 70 327 216 375; x_wconf 76' lang='lat' dir='ltr'>,quibus</span> <span class='ocrx_word' id='word_1_6' title='bbox 248 331 387 380; x_wconf 84' lang='lat' dir='ltr'><strong>quippe</strong></span> <span class='ocrx_word' id='word_1_7' title='bbox 413 333 636 383; x_wconf 88' lang='lat' dir='ltr'>impediatur</span> <span class='ocrx_word' id='word_1_8' title='bbox 661 339 862 387; x_wconf 89' lang='lat' dir='ltr'>quominus</span> <span class='ocrx_word' id='word_1_9' title='bbox 886 342 997 383; x_wconf 84' lang='lat' dir='ltr'>vitam</span> <span class='ocrx_word' id='word_1_10' title='bbox 1026 356 1068 384; x_wconf 90' lang='lat' dir='ltr'>ac</span> <span class='ocrx_word' id='word_1_11' title='bbox 1089 346 1186 389; x_wconf 81' lang='lat' dir='ltr'>facta</span> 
     </span>
     <span class='ocr_line' id='line_1_3' title="bbox 73 406 1183 466; baseline 0.023 -32"><span class='ocrx_word' id='word_1_12' title='bbox 73 406 172 435; x_wconf 88' lang='lat' dir='ltr'>recte</span> <span class='ocrx_word' id='word_1_13' title='bbox 205 411 452 451; x_wconf 83' lang='lat' dir='ltr'>exsequatur,</span> <span class='ocrx_word' id='word_1_14' title='bbox 485 414 527 444; x_wconf 92' lang='lat' dir='ltr'>ut</span> <span class='ocrx_word' id='word_1_15' title='bbox 561 418 637 446; x_wconf 91' lang='lat' dir='ltr'>non</span> <span class='ocrx_word' id='word_1_16' title='bbox 669 409 790 450; x_wconf 88' lang='lat' dir='ltr'>solum</span> <span class='ocrx_word' id='word_1_17' title='bbox 830 417 1031 465; x_wconf 66' lang='grc' dir='ltr'><strong><em>αὐταρκὺς,</em></strong></span> <span class='ocrx_word' id='word_1_18' title='bbox 1067 429 1183 466; x_wconf 89' lang='lat' dir='ltr'>prout</span> 
     </span>
     <span class='ocr_line' id='line_1_4' title="bbox 70 466 1180 536; baseline 0.023 -33"><span class='ocrx_word' id='word_1_19' title='bbox 70 466 203 505; x_wconf 85' lang='lat' dir='ltr'>Graeci</span> <span class='ocrx_word' id='word_1_20' title='bbox 230 470 385 519; x_wconf 89' lang='lat' dir='ltr'>dicunt,</span> <span class='ocrx_word' id='word_1_21' title='bbox 413 475 478 512; x_wconf 92' lang='lat' dir='ltr'>sed</span> <span class='ocrx_word' id='word_1_22' title='bbox 511 476 618 514; x_wconf 85' lang='lat' dir='ltr'>etiam</span> <span class='ocrx_word' id='word_1_23' title='bbox 644 482 865 530; x_wconf 69' lang='grc' dir='ltr'><em>αὐτοκρατὴς</em></span> <span class='ocrx_word' id='word_1_24' title='bbox 897 485 1028 524; x_wconf 87' lang='lat' dir='ltr'>merito</span> <span class='ocrx_word' id='word_1_25' title='bbox 1053 488 1180 536; x_wconf 65' lang='lat' dir='ltr'>appel—</span> 
     </span>
     <span class='ocr_line' id='line_1_5' title="bbox 65 536 1178 605; baseline 0.024 -33"><span class='ocrx_word' id='word_1_26' title='bbox 65 536 131 573; x_wconf 88' lang='lat' dir='ltr'>lari</span> <span class='ocrx_word' id='word_1_27' title='bbox 161 540 283 586; x_wconf 83' lang='lat' dir='ltr'>possit</span> <span class='ocrx_word' id='word_1_28' title='bbox 308 542 392 590; x_wconf 86' lang='lat'><em>(1).</em></span> <span class='ocrx_word' id='word_1_29' title='bbox 431 544 627 585; x_wconf 89' lang='lat' dir='ltr'>Calculum</span> <span class='ocrx_word' id='word_1_30' title='bbox 650 547 765 596; x_wconf 88' lang='lat' dir='ltr'>igitur</span> <span class='ocrx_word' id='word_1_31' title='bbox 787 560 958 591; x_wconf 89' lang='lat' dir='ltr'>nostrum</span> <span class='ocrx_word' id='word_1_32' title='bbox 982 558 1178 605; x_wconf 77' lang='lat' dir='ltr'>palmatiae</span> 
     </span>
     <span class='ocr_line' id='line_1_6' title="bbox 60 605 1176 669; baseline 0.024 -27"><span class='ocrx_word' id='word_1_33' title='bbox 60 605 272 655; x_wconf 86' lang='lat' dir='ltr'>adjiciamus</span> <span class='ocrx_word' id='word_1_34' title='bbox 298 610 416 650; x_wconf 88' lang='lat' dir='ltr'>Tullii</span> <span class='ocrx_word' id='word_1_35' title='bbox 442 625 462 651; x_wconf 93' lang='lat' dir='ltr'>e</span> <span class='ocrx_word' id='word_1_36' title='bbox 490 615 627 654; x_wconf 89' lang='lat' dir='ltr'>Stoicis</span> <span class='ocrx_word' id='word_1_37' title='bbox 655 619 809 657; x_wconf 85' lang='lat' dir='ltr'>maxime</span> <span class='ocrx_word' id='word_1_38' title='bbox 828 621 999 664; x_wconf 90' lang='lat' dir='ltr'>fontibus</span> <span class='ocrx_word' id='word_1_39' title='bbox 1024 628 1176 669; x_wconf 83' lang='lat' dir='ltr'>haustae</span> 
     </span>
     <span class='ocr_line' id='line_1_7' title="bbox 57 678 1170 744; baseline 0.024 -32"><span class='ocrx_word' id='word_1_40' title='bbox 57 678 286 727; x_wconf 83' lang='lat' dir='ltr'>sententiae,</span> <span class='ocrx_word' id='word_1_41' title='bbox 324 681 389 719; x_wconf 86' lang='lat' dir='ltr'>ubi</span> <span class='ocrx_word' id='word_1_42' title='bbox 429 684 614 724; x_wconf 86' lang='lat' dir='ltr'>laudatum</span> <span class='ocrx_word' id='word_1_43' title='bbox 650 687 762 738; x_wconf 88' lang='lat' dir='ltr'>hujus</span> <span class='ocrx_word' id='word_1_44' title='bbox 797 700 920 731; x_wconf 88' lang='lat' dir='ltr'>sectae</span> <span class='ocrx_word' id='word_1_45' title='bbox 954 699 1170 744; x_wconf 85' lang='lat' dir='ltr'>paradoxon</span> 
     </span>
     <span class='ocr_line' id='line_1_8' title="bbox 52 748 1168 815; baseline 0.023 -33"><span class='ocrx_word' id='word_1_46' title='bbox 52 756 124 793; x_wconf 87' lang='lat' dir='ltr'>pro</span> <span class='ocrx_word' id='word_1_47' title='bbox 156 748 267 787; x_wconf 87' lang='lat' dir='ltr'>solita</span> <span class='ocrx_word' id='word_1_48' title='bbox 297 762 363 789; x_wconf 87' lang='lat' dir='ltr'>sua</span> <span class='ocrx_word' id='word_1_49' title='bbox 391 752 568 793; x_wconf 83' lang='lat' dir='ltr'>dictionis</span> <span class='ocrx_word' id='word_1_50' title='bbox 595 764 631 794; x_wconf 88' lang='lat' dir='ltr'>et</span> <span class='ocrx_word' id='word_1_51' title='bbox 658 757 696 796; x_wconf 94' lang='lat' dir='ltr'>vi</span> <span class='ocrx_word' id='word_1_52' title='bbox 724 767 761 796; x_wconf 89' lang='lat' dir='ltr'>et</span> <span class='ocrx_word' id='word_1_53' title='bbox 791 762 969 811; x_wconf 86' lang='lat' dir='ltr'>elegantia</span> <span class='ocrx_word' id='word_1_54' title='bbox 994 767 1168 815; x_wconf 85' lang='lat' dir='ltr'>explicat.-</span> 
     </span>
     <span class='ocr_line' id='line_1_9' title="bbox 55 816 1166 885; baseline 0.022 -33"><span class='ocrx_word' id='word_1_55' title='bbox 55 816 156 862; x_wconf 90' lang='lat' dir='ltr'>„An</span> <span class='ocrx_word' id='word_1_56' title='bbox 181 817 243 857; x_wconf 90' lang='lat' dir='ltr'>ille</span> <span class='ocrx_word' id='word_1_57' title='bbox 268 820 359 859; x_wconf 88' lang='lat' dir='ltr'>mihi</span> <span class='ocrx_word' id='word_1_58' title='bbox 389 823 484 862; x_wconf 89' lang='lat' dir='ltr'>liber</span> <span class='ocrx_word' id='word_1_59' title='bbox 496 825 539 872; x_wconf 78' lang='lat'>‚²²</span> <span class='ocrx_word' id='word_1_60' title='bbox 574 826 653 875; x_wconf 85' lang='lat' dir='ltr'>ait,</span> <span class='ocrx_word' id='word_1_61' title='bbox 697 829 795 876; x_wconf 87' lang='lat' dir='ltr'>„cui</span> <span class='ocrx_word' id='word_1_62' title='bbox 823 833 955 871; x_wconf 86' lang='lat' dir='ltr'>mulier</span> <span class='ocrx_word' id='word_1_63' title='bbox 980 834 1166 885; x_wconf 68' lang='lat' dir='ltr'>imperat?</span> 
     </span>
     <span class='ocr_line' id='line_1_10' title="bbox 48 885 1165 955; baseline 0.022 -34"><span class='ocrx_word' id='word_1_64' title='bbox 48 885 110 922; x_wconf 92' lang='lat' dir='ltr'>cui</span> <span class='ocrx_word' id='word_1_65' title='bbox 145 888 243 936; x_wconf 87' lang='lat' dir='ltr'>leges</span> <span class='ocrx_word' id='word_1_66' title='bbox 275 889 464 941; x_wconf 79' lang='lat' dir='ltr'>imponit,</span> <span class='ocrx_word' id='word_1_67' title='bbox 500 897 743 947; x_wconf 85' lang='lat' dir='ltr'>praescribit,</span> <span class='ocrx_word' id='word_1_68' title='bbox 772 901 907 950; x_wconf 83' lang='lat' dir='ltr'>J&#39;ubet,</span> <span class='ocrx_word' id='word_1_69' title='bbox 934 913 1033 944; x_wconf 90' lang='lat' dir='ltr'>vetat</span> <span class='ocrx_word' id='word_1_70' title='bbox 1059 905 1165 955; x_wconf 90' lang='lat' dir='ltr'>quod</span> 
     </span>
     <span class='ocr_line' id='line_1_11' title="bbox 47 955 1163 1021; baseline 0.021 -29"><span class='ocrx_word' id='word_1_71' title='bbox 47 955 221 998; x_wconf 75' lang='lat' dir='ltr'>videtur?</span> <span class='ocrx_word' id='word_1_72' title='bbox 255 960 318 1008; x_wconf 89' lang='lat' dir='ltr'>qui</span> <span class='ocrx_word' id='word_1_73' title='bbox 349 963 443 1001; x_wconf 87' lang='lat' dir='ltr'>nihil</span> <span class='ocrx_word' id='word_1_74' title='bbox 475 965 669 1014; x_wconf 86' lang='lat' dir='ltr'>imperanti</span> <span class='ocrx_word' id='word_1_75' title='bbox 709 979 840 1018; x_wconf 85' lang='lat' dir='ltr'>negare</span> <span class='ocrx_word' id='word_1_76' title='bbox 876 981 1031 1021; x_wconf 87' lang='lat' dir='ltr'>potest,</span> <span class='ocrx_word' id='word_1_77' title='bbox 1066 974 1163 1016; x_wconf 87' lang='lat' dir='ltr'>nihil</span> 
     </span>
     <span class='ocr_line' id='line_1_12' title="bbox 45 1031 1163 1084; baseline 0.02 -21"><span class='ocrx_word' id='word_1_78' title='bbox 45 1037 213 1066; x_wconf 87' lang='lat' dir='ltr'>recusare</span> <span class='ocrx_word' id='word_1_79' title='bbox 239 1031 381 1070; x_wconf 79' lang='lat' dir='ltr'>audet?</span> <span class='ocrx_word' id='word_1_80' title='bbox 408 1035 562 1081; x_wconf 76' lang='lat' dir='ltr'>poscit?</span> <span class='ocrx_word' id='word_1_81' title='bbox 588 1037 748 1077; x_wconf 87' lang='lat' dir='ltr'>dandum</span> <span class='ocrx_word' id='word_1_82' title='bbox 776 1049 853 1080; x_wconf 89' lang='lat' dir='ltr'>est:</span> <span class='ocrx_word' id='word_1_83' title='bbox 893 1041 1032 1082; x_wconf 72' lang='lat' dir='ltr'>vocat?</span> <span class='ocrx_word' id='word_1_84' title='bbox 1058 1047 1163 1084; x_wconf 73' lang='lat' dir='ltr'>veni-</span> 
     </span>
     <span class='ocr_line' id='line_1_13' title="bbox 42 1097 1155 1154; baseline 0.018 -20"><span class='ocrx_word' id='word_1_85' title='bbox 42 1097 196 1137; x_wconf 87' lang='lat' dir='ltr'>endum:</span> <span class='ocrx_word' id='word_1_86' title='bbox 215 1099 314 1149; x_wconf 89' lang='lat' dir='ltr'>ejicit</span> <span class='ocrx_word' id='word_1_87' title='bbox 327 1097 347 1135; x_wconf 70' lang='grc' dir='ltr'>ἶ)</span> <span class='ocrx_word' id='word_1_88' title='bbox 359 1102 592 1144; x_wconf 85' lang='lat' dir='ltr'>abeundum:</span> <span class='ocrx_word' id='word_1_89' title='bbox 608 1105 797 1148; x_wconf 71' lang='lat' dir='ltr'>minatur?</span> <span class='ocrx_word' id='word_1_90' title='bbox 813 1111 1124 1153; x_wconf 80' lang='lat' dir='ltr'>extimescendum</span> <span class='ocrx_word' id='word_1_91' title='bbox 1135 1116 1155 1154; x_wconf 72' lang='grc' dir='ltr'>*ἒ</span> 
     </span>
     <span class='ocr_line' id='line_1_14' title="bbox 38 1166 1156 1233; baseline 0.018 -29"><span class='ocrx_word' id='word_1_92' title='bbox 38 1166 124 1215; x_wconf 91' lang='lat' dir='ltr'>Ego</span> <span class='ocrx_word' id='word_1_93' title='bbox 157 1180 244 1206; x_wconf 86' lang='lat' dir='ltr'>vero</span> <span class='ocrx_word' id='word_1_94' title='bbox 279 1171 392 1210; x_wconf 85' lang='lat' dir='ltr'>istum</span> <span class='ocrx_word' id='word_1_95' title='bbox 421 1184 497 1211; x_wconf 92' lang='lat' dir='ltr'>non</span> <span class='ocrx_word' id='word_1_96' title='bbox 531 1176 644 1214; x_wconf 85' lang='lat' dir='ltr'>modo</span> <span class='ocrx_word' id='word_1_97' title='bbox 668 1189 816 1217; x_wconf 87' lang='lat' dir='ltr'>servum</span> <span class='ocrx_word' id='word_1_98' title='bbox 835 1208 848 1227; x_wconf 86' lang='lat'><strong>,</strong></span> <span class='ocrx_word' id='word_1_99' title='bbox 876 1182 943 1219; x_wconf 88' lang='lat' dir='ltr'>sed</span> <span class='ocrx_word' id='word_1_100' title='bbox 969 1184 1156 1233; x_wconf 66' lang='lat' dir='ltr'>nequissic·</span> 
     </span>
     <span class='ocr_line' id='line_1_15' title="bbox 38 1243 1152 1296; baseline 0.017 -21"><span class='ocrx_word' id='word_1_101' title='bbox 38 1248 138 1276; x_wconf 89' lang='lat' dir='ltr'>mum</span> <span class='ocrx_word' id='word_1_102' title='bbox 166 1250 339 1288; x_wconf 88' lang='lat' dir='ltr'>servum,</span> <span class='ocrx_word' id='word_1_103' title='bbox 370 1243 477 1281; x_wconf 88' lang='lat' dir='ltr'>etiam</span> <span class='ocrx_word' id='word_1_104' title='bbox 502 1244 534 1283; x_wconf 92' lang='lat' dir='ltr'>si</span> <span class='ocrx_word' id='word_1_105' title='bbox 562 1245 599 1283; x_wconf 91' lang='lat' dir='ltr'>in</span> <span class='ocrx_word' id='word_1_106' title='bbox 625 1247 852 1296; x_wconf 88' lang='lat' dir='ltr'>amplissima</span> <span class='ocrx_word' id='word_1_107' title='bbox 876 1250 1013 1291; x_wconf 88' lang='lat' dir='ltr'>familia</span> <span class='ocrx_word' id='word_1_108' title='bbox 1041 1264 1152 1293; x_wconf 87' lang='lat' dir='ltr'>natus</span> 
     </span>
     <span class='ocr_line' id='line_1_16' title="bbox 36 1307 1152 1371; baseline 0.018 -27"><span class='ocrx_word' id='word_1_109' title='bbox 36 1307 112 1356; x_wconf 86' lang='lat' dir='ltr'>sit,</span> <span class='ocrx_word' id='word_1_110' title='bbox 137 1311 397 1359; x_wconf 86' lang='lat' dir='ltr'>appellandum</span> <span class='ocrx_word' id='word_1_111' title='bbox 422 1323 530 1362; x_wconf 83' lang='lat' dir='ltr'>puto,</span> <span class='ocrx_word' id='word_1_112' title='bbox 585 1318 713 1365; x_wconf 88' lang='lat' dir='ltr'>Atque</span> <span class='ocrx_word' id='word_1_113' title='bbox 735 1327 778 1357; x_wconf 93' lang='lat' dir='ltr'>ut</span> <span class='ocrx_word' id='word_1_114' title='bbox 801 1319 840 1358; x_wconf 90' lang='lat' dir='ltr'>in</span> <span class='ocrx_word' id='word_1_115' title='bbox 867 1333 995 1371; x_wconf 86' lang='lat' dir='ltr'>magna</span> <span class='ocrx_word' id='word_1_116' title='bbox 1014 1323 1152 1364; x_wconf 83' lang='lat' dir='ltr'>familia</span> 
     </span>
     <span class='ocr_line' id='line_1_17' title="bbox 34 1380 1149 1442; baseline 0.018 -28"><span class='ocrx_word' id='word_1_117' title='bbox 34 1386 123 1416; x_wconf 90' lang='lat' dir='ltr'>sunt</span> <span class='ocrx_word' id='word_1_118' title='bbox 154 1380 215 1417; x_wconf 87' lang='lat' dir='ltr'>alii</span> <span class='ocrx_word' id='word_1_119' title='bbox 254 1382 456 1431; x_wconf 84' lang='lat' dir='ltr'>lautiores,</span> <span class='ocrx_word' id='word_1_120' title='bbox 501 1393 543 1423; x_wconf 90' lang='lat' dir='ltr'>ut</span> <span class='ocrx_word' id='word_1_121' title='bbox 577 1386 651 1424; x_wconf 89' lang='lat' dir='ltr'>sibi</span> <span class='ocrx_word' id='word_1_122' title='bbox 685 1389 886 1438; x_wconf 81' lang='lat' dir='ltr'>videntur,</span> <span class='ocrx_word' id='word_1_123' title='bbox 922 1394 1047 1442; x_wconf 87' lang='lat' dir='ltr'>servi,</span> <span class='ocrx_word' id='word_1_124' title='bbox 1082 1396 1149 1433; x_wconf 83' lang='lat' dir='ltr'>sed</span> 
     </span>
     <span class='ocr_line' id='line_1_18' title="bbox 34 1451 1149 1509; baseline 0.019 -26"><span class='ocrx_word' id='word_1_125' title='bbox 34 1455 154 1485; x_wconf 87' lang='lat' dir='ltr'>tamen</span> <span class='ocrx_word' id='word_1_126' title='bbox 193 1451 317 1501; x_wconf 73' lang='lat' dir='ltr'>servi,</span> <span class='ocrx_word' id='word_1_127' title='bbox 362 1453 539 1492; x_wconf 89' lang='lat' dir='ltr'>atrienses</span> <span class='ocrx_word' id='word_1_128' title='bbox 575 1467 616 1494; x_wconf 88' lang='lat' dir='ltr'>ac</span> <span class='ocrx_word' id='word_1_129' title='bbox 652 1458 829 1505; x_wconf 85' lang='lat' dir='ltr'>topiarii:</span> <span class='ocrx_word' id='word_1_130' title='bbox 873 1463 954 1509; x_wconf 86' lang='lat' dir='ltr'>pari</span> <span class='ocrx_word' id='word_1_131' title='bbox 987 1465 1149 1505; x_wconf 85' lang='lat' dir='ltr'>stultitia</span> 
     </span>
     <span class='ocr_line' id='line_1_19' title="bbox 31 1520 1144 1578; baseline 0.018 -24"><span class='ocrx_word' id='word_1_132' title='bbox 31 1526 145 1564; x_wconf 86' lang='lat' dir='ltr'>sunt,</span> <span class='ocrx_word' id='word_1_133' title='bbox 183 1530 280 1566; x_wconf 90' lang='lat' dir='ltr'>quos</span> <span class='ocrx_word' id='word_1_134' title='bbox 315 1520 444 1571; x_wconf 86' lang='lat' dir='ltr'>signa,</span> <span class='ocrx_word' id='word_1_135' title='bbox 475 1536 572 1571; x_wconf 87' lang='lat' dir='ltr'>quos</span> <span class='ocrx_word' id='word_1_136' title='bbox 611 1527 784 1576; x_wconf 87' lang='lat' dir='ltr'>tabulae,</span> <span class='ocrx_word' id='word_1_137' title='bbox 831 1542 928 1578; x_wconf 90' lang='lat' dir='ltr'>quos</span> <span class='ocrx_word' id='word_1_138' title='bbox 964 1535 1144 1574; x_wconf 85' lang='lat' dir='ltr'>caelatum</span> 
     </span>
     <span class='ocr_line' id='line_1_20' title="bbox 29 1594 1143 1664; baseline 0.019 -41"><span class='ocrx_word' id='word_1_139' title='bbox 29 1596 242 1636; x_wconf 85' lang='lat' dir='ltr'>argentum,</span> <span class='ocrx_word' id='word_1_140' title='bbox 289 1602 385 1638; x_wconf 90' lang='lat' dir='ltr'>quos</span> <span class='ocrx_word' id='word_1_141' title='bbox 434 1594 631 1634; x_wconf 88' lang='lat' dir='ltr'>Corinthia</span> <span class='ocrx_word' id='word_1_142' title='bbox 665 1608 807 1646; x_wconf 90' lang='lat' dir='ltr'>opera,</span> <span class='ocrx_word' id='word_1_143' title='bbox 845 1611 945 1648; x_wconf 85' lang='lat' dir='ltr'>quos</span> <span class='ocrx_word' id='word_1_144' title='bbox 980 1604 1143 1664; x_wconf 81' lang='lat' dir='ltr'>aedificia</span> 
     </span>
     <span class='ocr_line' id='line_1_21' title="bbox 29 1657 1143 1721; baseline 0.018 -28"><span class='ocrx_word' id='word_1_145' title='bbox 29 1657 219 1705; x_wconf 83' lang='lat' dir='ltr'>magnifica</span> <span class='ocrx_word' id='word_1_146' title='bbox 255 1660 371 1698; x_wconf 88' lang='lat' dir='ltr'>nimio</span> <span class='ocrx_word' id='word_1_147' title='bbox 413 1674 525 1710; x_wconf 90' lang='lat' dir='ltr'>opere</span> <span class='ocrx_word' id='word_1_148' title='bbox 556 1665 753 1706; x_wconf 86' lang='lat' dir='ltr'>delectant.</span> <span class='ocrx_word' id='word_1_149' title='bbox 806 1670 859 1708; x_wconf 89' lang='lat' dir='ltr'>At</span> <span class='ocrx_word' id='word_1_150' title='bbox 895 1683 1054 1721; x_wconf 67' lang='lat' dir='ltr'>summ,</span> <span class='ocrx_word' id='word_1_151' title='bbox 1086 1675 1143 1713; x_wconf 88' lang='lat' dir='ltr'>in-</span> 
     </span>
     <span class='ocr_line' id='line_1_22' title="bbox 27 1727 1140 1782; baseline 0.017 -19"><span class='ocrx_word' id='word_1_152' title='bbox 27 1727 181 1774; x_wconf 80' lang='lat' dir='ltr'>quiunt,</span> <span class='ocrx_word' id='word_1_153' title='bbox 205 1729 367 1770; x_wconf 87' lang='lat' dir='ltr'>civitatis</span> <span class='ocrx_word' id='word_1_154' title='bbox 387 1733 590 1782; x_wconf 84' lang='lat' dir='ltr'>principes.</span> <span class='ocrx_word' id='word_1_155' title='bbox 649 1737 733 1774; x_wconf 93' lang='lat' dir='ltr'>Vos</span> <span class='ocrx_word' id='word_1_156' title='bbox 754 1749 844 1776; x_wconf 85' lang='lat' dir='ltr'>vero</span> <span class='ocrx_word' id='word_1_157' title='bbox 867 1751 913 1778; x_wconf 84' lang='lat' dir='ltr'>ne</span> <span class='ocrx_word' id='word_1_158' title='bbox 937 1752 1140 1782; x_wconf 82' lang='lat' dir='ltr'>conservo·</span> 
     </span>
     <span class='ocr_line' id='line_1_23' title="bbox 25 1798 1135 1854; baseline 0.018 -21"><span class='ocrx_word' id='word_1_159' title='bbox 25 1807 106 1834; x_wconf 85' lang='lat' dir='ltr'>rum</span> <span class='ocrx_word' id='word_1_160' title='bbox 134 1798 281 1845; x_wconf 89' lang='lat' dir='ltr'>quidem</span> <span class='ocrx_word' id='word_1_161' title='bbox 306 1810 517 1842; x_wconf 89' lang='lat' dir='ltr'>vestrorum</span> <span class='ocrx_word' id='word_1_162' title='bbox 546 1804 733 1854; x_wconf 85' lang='lat' dir='ltr'>principes</span> <span class='ocrx_word' id='word_1_163' title='bbox 764 1808 868 1848; x_wconf 86' lang='lat' dir='ltr'>estis.</span> <span class='ocrx_word' id='word_1_164' title='bbox 931 1811 1003 1850; x_wconf 87' lang='lat' dir='ltr'>Sed</span> <span class='ocrx_word' id='word_1_165' title='bbox 1033 1822 1073 1851; x_wconf 90' lang='lat' dir='ltr'>ut</span> <span class='ocrx_word' id='word_1_166' title='bbox 1095 1816 1135 1853; x_wconf 91' lang='lat' dir='ltr'>in</span> 
     </span>
     <span class='ocr_line' id='line_1_24' title="bbox 21 1864 1135 1928; baseline 0.018 -26"><span class='ocrx_word' id='word_1_167' title='bbox 21 1864 184 1914; x_wconf 85' lang='lat' dir='ltr'>familia,</span> <span class='ocrx_word' id='word_1_168' title='bbox 221 1869 285 1916; x_wconf 89' lang='lat' dir='ltr'>qui</span> <span class='ocrx_word' id='word_1_169' title='bbox 320 1878 477 1910; x_wconf 82' lang='lat' dir='ltr'>tractant</span> <span class='ocrx_word' id='word_1_170' title='bbox 511 1873 608 1920; x_wconf 82' lang='lat' dir='ltr'>ista,</span> <span class='ocrx_word' id='word_1_171' title='bbox 647 1876 711 1922; x_wconf 88' lang='lat' dir='ltr'>qui</span> <span class='ocrx_word' id='word_1_172' title='bbox 750 1885 927 1927; x_wconf 86' lang='lat' dir='ltr'>tergunt,</span> <span class='ocrx_word' id='word_1_173' title='bbox 965 1882 1031 1928; x_wconf 91' lang='lat' dir='ltr'>qui</span> <span class='ocrx_word' id='word_1_174' title='bbox 1068 1895 1135 1922; x_wconf 87' lang='lat' dir='ltr'>un-</span> 
     </span>
     <span class='ocr_line' id='line_1_25' title="bbox 21 1938 1133 1994; baseline 0.017 -21"><span class='ocrx_word' id='word_1_175' title='bbox 21 1946 112 1984; x_wconf 83' lang='lat' dir='ltr'>gunt</span> <span class='ocrx_word' id='word_1_176' title='bbox 129 1964 142 1982; x_wconf 87' lang='lat'><strong>‚</strong></span> <span class='ocrx_word' id='word_1_177' title='bbox 168 1938 232 1985; x_wconf 90' lang='lat' dir='ltr'>qui</span> <span class='ocrx_word' id='word_1_178' title='bbox 263 1950 441 1988; x_wconf 80' lang='lat' dir='ltr'>verrunt,</span> <span class='ocrx_word' id='word_1_179' title='bbox 479 1942 544 1990; x_wconf 87' lang='lat' dir='ltr'>qui</span> <span class='ocrx_word' id='word_1_180' title='bbox 571 1954 779 1994; x_wconf 80' lang='lat' dir='ltr'>spargunt,</span> <span class='ocrx_word' id='word_1_181' title='bbox 807 1958 884 1985; x_wconf 86' lang='lat' dir='ltr'>non</span> <span class='ocrx_word' id='word_1_182' title='bbox 913 1951 1133 1992; x_wconf 80' lang='lat' dir='ltr'>honestissi-</span> 
     </span>
     <span class='ocr_line' id='line_1_26' title="bbox 19 2008 1131 2072; baseline 0.018 -30"><span class='ocrx_word' id='word_1_183' title='bbox 19 2016 118 2044; x_wconf 88' lang='lat' dir='ltr'>mum</span> <span class='ocrx_word' id='word_1_184' title='bbox 143 2008 267 2046; x_wconf 88' lang='lat' dir='ltr'>locum</span> <span class='ocrx_word' id='word_1_185' title='bbox 301 2009 492 2049; x_wconf 85' lang='lat' dir='ltr'>servitutis</span> <span class='ocrx_word' id='word_1_186' title='bbox 528 2021 677 2052; x_wconf 88' lang='lat' dir='ltr'>tenent:</span> <span class='ocrx_word' id='word_1_187' title='bbox 708 2012 770 2054; x_wconf 74' lang='lat' dir='ltr'>sic&#39;</span> <span class='ocrx_word' id='word_1_188' title='bbox 791 2016 829 2054; x_wconf 91' lang='lat' dir='ltr'>in</span> <span class='ocrx_word' id='word_1_189' title='bbox 858 2019 1033 2070; x_wconf 81' lang='lat' dir='ltr'>civitate,</span> <span class='ocrx_word' id='word_1_190' title='bbox 1065 2025 1131 2072; x_wconf 88' lang='lat' dir='ltr'>qui</span> 
     </span>
     <span class='ocr_line' id='line_1_27' title="bbox 1087 2106 1129 2133; baseline 0.024 -1"><span class='ocrx_word' id='word_1_191' title='bbox 1087 2106 1129 2133; x_wconf 86' lang='lat' dir='ltr'>se</span> 
     </span>
     <span class='ocr_line' id='line_1_28' title="bbox 8 2166 1124 2221; baseline 0.02 -23"><span class='ocrx_word' id='word_1_192' title='bbox 8 2166 11 2170; x_wconf 76' lang='grc'><strong>’</strong></span> <span class='ocrx_word' id='word_1_193' title='bbox 55 2167 204 2211; x_wconf 81' lang='lat' dir='ltr'>(1)Vid.</span> <span class='ocrx_word' id='word_1_194' title='bbox 233 2170 292 2203; x_wconf 81' lang='lat' dir='ltr'>hac</span> <span class='ocrx_word' id='word_1_195' title='bbox 320 2173 359 2203; x_wconf 89' lang='lat' dir='ltr'>de</span> <span class='ocrx_word' id='word_1_196' title='bbox 389 2185 423 2204; x_wconf 86' lang='lat' dir='ltr'>re</span> <span class='ocrx_word' id='word_1_197' title='bbox 455 2176 544 2207; x_wconf 76' lang='lat' dir='ltr'>locus</span> <span class='ocrx_word' id='word_1_198' title='bbox 574 2177 736 2219; x_wconf 81' lang='lat' dir='ltr'>Platonis,</span> <span class='ocrx_word' id='word_1_199' title='bbox 769 2181 828 2221; x_wconf 75' lang='lat' dir='ltr'>qui</span> <span class='ocrx_word' id='word_1_200' title='bbox 856 2187 904 2213; x_wconf 72' lang='lat' dir='ltr'>est</span> <span class='ocrx_word' id='word_1_201' title='bbox 931 2185 965 2215; x_wconf 85' lang='lat' dir='ltr'>in</span> <span class='ocrx_word' id='word_1_202' title='bbox 993 2188 1124 2221; x_wconf 42' lang='lat' dir='ltr'>Mena*</span> 
     </span>
    </p>
   </div>
   <div class='ocr_carea' id='block_1_3' title="bbox 13 2223 1122 2326">
    <p class='ocr_par' dir='ltr' id='par_1_3' title="bbox 13 2223 1122 2326">
     <span class='ocr_line' id='line_1_29' title="bbox 13 2223 1122 2276; baseline 0.017 -24"><span class='ocrx_word' id='word_1_203' title='bbox 13 2229 48 2259; x_wconf 71' lang='grc' dir='ltr'>Ρ.</span> <span class='ocrx_word' id='word_1_204' title='bbox 67 2223 134 2264; x_wconf 77' lang='lat'><strong>247.</strong></span> <span class='ocrx_word' id='word_1_205' title='bbox 158 2225 221 2263; x_wconf 82' lang='lat' dir='ltr'>E.,</span> <span class='ocrx_word' id='word_1_206' title='bbox 254 2236 270 2255; x_wconf 79' lang='lat' dir='ltr'>a</span> <span class='ocrx_word' id='word_1_207' title='bbox 301 2227 456 2258; x_wconf 83' lang='lat' dir='ltr'>Cicerone</span> <span class='ocrx_word' id='word_1_208' title='bbox 490 2241 658 2270; x_wconf 73' lang='lat' dir='ltr'>expressus</span> <span class='ocrx_word' id='word_1_209' title='bbox 693 2235 789 2266; x_wconf 76' lang='lat' dir='ltr'>Tusc.</span> <span class='ocrx_word' id='word_1_210' title='bbox 817 2237 958 2276; x_wconf 78' lang='lat' dir='ltr'>Quaesl·</span> <span class='ocrx_word' id='word_1_211' title='bbox 981 2237 1056 2272; x_wconf 82' lang='lat' dir='ltr'>Lib.</span> <span class='ocrx_word' id='word_1_212' title='bbox 1080 2241 1122 2273; x_wconf 57' lang='lat' dir='ltr'>Vs</span> 
     </span>
     <span class='ocr_line' id='line_1_30' title="bbox 15 2280 1120 2326; baseline 0.019 -22"><span class='ocrx_word' id='word_1_213' title='bbox 15 2283 44 2304; x_wconf 82' lang='lat' dir='ltr'>c.</span> <span class='ocrx_word' id='word_1_214' title='bbox 77 2284 144 2314; x_wconf 61' lang='lat' dir='ltr'>lm,</span> <span class='ocrx_word' id='word_1_215' title='bbox 178 2290 271 2319; x_wconf 83' lang='lat' dir='ltr'>quem</span> <span class='ocrx_word' id='word_1_216' title='bbox 304 2280 414 2311; x_wconf 79' lang='lat' dir='ltr'>laudat</span> <span class='ocrx_word' id='word_1_217' title='bbox 445 2283 496 2314; x_wconf 85' lang='lat' dir='ltr'>Cl.</span> <span class='ocrx_word' id='word_1_218' title='bbox 526 2296 587 2316; x_wconf 83' lang='lat' dir='ltr'>van</span> <span class='ocrx_word' id='word_1_219' title='bbox 620 2285 751 2318; x_wconf 73' lang='lat' dir='ltr'>Heusde</span> <span class='ocrx_word' id='word_1_220' title='bbox 771 2309 780 2326; x_wconf 91' lang='lat'>‚</span> <span class='ocrx_word' id='word_1_221' title='bbox 816 2291 901 2320; x_wconf 78' lang='lat' dir='ltr'>lm&#39;t.</span> <span class='ocrx_word' id='word_1_222' title='bbox 939 2290 1016 2323; x_wconf 81' lang='lat' dir='ltr'>Vol.</span> <span class='ocrx_word' id='word_1_223' title='bbox 1054 2295 1120 2325; x_wconf 61' lang='lat'>111⁴</span> 
     </span>
    </p>
   </div>
   <div class='ocr_carea' id='block_1_4' title="bbox 11 2331 575 2438">
    <p class='ocr_par' dir='ltr' id='par_1_4' title="bbox 11 2331 575 2438">
     <span class='ocr_line' id='line_1_31' title="bbox 11 2331 138 2371; baseline 0.039 -14"><span class='ocrx_word' id='word_1_224' title='bbox 11 2336 45 2366; x_wconf 83' lang='lat' dir='ltr'>p.</span> <span class='ocrx_word' id='word_1_225' title='bbox 71 2331 138 2371; x_wconf 80' lang='lat'>169.</span> 
     </span>
     <span class='ocr_line' id='line_1_32' title="bbox 541 2398 575 2438; baseline 0 -2"><span class='ocrx_word' id='word_1_226' title='bbox 541 2398 575 2438; x_wconf 84' lang='lat' dir='ltr'>E</span> 
     </span>
    </p>
   </div>
  </div>
 </body>
</html>
