1492 2896
820 267 874 306 22

299 399 487 460 principe
513 399 730 455 poetarum
758 395 953 440 Horatius
992 396 1246 451 judicaverit.
1326 396 1403 441 Est

301 477 389 529 ille,
422 473 474 518 de
505 473 590 530 ejus
620 471 843 522 sententia,

417 574 478 609 Qui
495 572 570 611 quid
587 570 796 610 sitpulcrum,
821 570 897 609 quid
905 572 1013 609 turpe,
1036 571 1112 609 quid
1121 570 1215 607 utile,
1238 571 1407 610 quidmm.

414 632 536 662 Plenius
556 642 593 661 ac
612 631 718 662 melius
744 630 910 671 Chrysippo
931 634 959 660 et
985 631 1128 660 Crantore
1147 631 1234 661 dicit.

305 713 369 757 Ut
397 725 494 756 vero
525 710 585 754 sic
615 709 667 754 de
700 724 750 753 eo
791 708 1065 761 existimetur,
1096 721 1181 752 non
1210 707 1408 765 legendus

304 789 430 845 poeta
467 794 548 840 est,
577 793 622 830 ut
648 801 672 829 a
700 786 837 829 multis
869 786 997 839 solet,
1025 785 1099 829 sed
1125 791 1171 829 ut
1196 785 1326 829 lectus
1354 783 1410 827 ab

304 862 482 907 Horatio
519 870 594 907 est.
681 861 752 906 Sic
789 861 952 905 demum
968 893 982 913 ‚
1030 860 1131 918 quid
1169 860 1326 905 hauriri
1360 874 1411 906 ex

306 940 390 984 hoc
425 938 651 998 sapientiae
679 939 793 982 fonte
823 937 981 996 possit,
1020 936 1272 996 intelligitur.
1361 936 1412 980 ld

309 1016 440 1075 velim,
457 1031 555 1074 agas
581 1030 658 1074 per
685 1015 810 1059 vitam
841 1021 968 1058 totam
985 1045 996 1066 ,
1027 1013 1084 1057 mi
1112 1013 1184 1058 fili.

364 1091 476 1145 Sed,
503 1098 548 1135 ut
576 1090 630 1134 ad
659 1090 762 1134 ritus
788 1090 910 1148 hujus
938 1096 1054 1133 actus
1077 1090 1281 1134 solemnes
1306 1103 1416 1148 pro-

309 1163 526 1222 cedamus,
555 1171 671 1212 ecce!
702 1176 916 1223 apertum
940 1166 1017 1209 tibi
1035 1165 1214 1224 primum
1238 1165 1415 1209 exhibeo

311 1247 394 1290 hoc
423 1245 651 1289 carminum
681 1243 995 1288 Homericorum
1030 1242 1242 1286 volumen:
1303 1254 1414 1285 nunc

310 1321 410 1365 illud
445 1325 631 1365 claudo:
683 1327 860 1377 utroque
894 1333 992 1363 vero
1023 1318 1123 1376 quid
1153 1318 1229 1363 tibi
1256 1318 1417 1377 signifi-

312 1412 401 1442 cem
432 1411 483 1441 ac
509 1397 789 1456 praecipiam,
820 1396 1002 1440 adverte.
1060 1395 1157 1438 Non
1189 1395 1321 1438 solum
1354 1395 1416 1438 le—

314 1488 410 1531 gere
444 1481 485 1517 te
524 1481 564 1517 et
599 1472 780 1517 carmina
808 1472 979 1517 Homeri
1012 1479 1052 1516 et
1077 1471 1264 1515 Platonis
1294 1471 1418 1515 Cice-

314 1550 513 1607 ronisque
541 1549 696 1608 scripta
729 1550 872 1604 decet3
928 1549 1001 1592 sed
1027 1555 1072 1592 ut
1099 1549 1280 1592 clausum
1310 1563 1419 1594 nunc

317 1627 400 1670 hoc
428 1627 618 1670 volumen
646 1626 802 1677 cernis,
833 1625 889 1668 ita
927 1632 1063 1668 mente
1098 1625 1317 1681 animoque
1348 1641 1421 1669 re-

320 1702 478 1746 condas
512 1702 653 1754 velim‚
685 1702 886 1758 quidquid
922 1701 975 1744 ab
1012 1701 1076 1744 his
1114 1701 1323 1759 sapienter
1359 1710 1421 1746 est

321 1778 537 1823 monitum.
630 1778 700 1821 Sic
741 1778 906 1836 dignum
955 1778 1030 1822 erit
1077 1778 1299 1834 aliquando
1340 1778 1424 1824 hoc

323 1868 467 1898 carum
514 1862 639 1912 caput
681 1862 825 1906 tunm,
875 1855 1135 1899 dilectissime
1179 1855 1263 1909 fili,
1311 1857 1425 1912 quod

322 1931 442 1976 sertis
472 1930 718 1987 coronisque
747 1937 938 1974 ornetur:
999 1944 1109 1973 nunc
1141 1930 1252 1974 haud
1285 1931 1423 1989 indig-

322 2022 423 2051 num
456 2007 728 2051 existimatum
759 2015 841 2058 est,
874 2007 937 2050 cui
973 2007 1082 2050 hunc
1120 2021 1196 2064 ego
1231 2007 1423 2066 impone-

323 2098 412 2128 rem
436 2087 612 2139 pileum
645 2087 932 2128 doctoralem.

385 2161 553 2218 Togae,
598 2175 679 2216 qua
718 2161 885 2204 indutus
929 2176 996 2213 es,
1041 2162 1170 2219 pileus
1209 2161 1425 2217 convenit3

327 2244 388 2280 est
417 2236 524 2280 enim
558 2237 759 2281 libertatis
795 2237 975 2294 insigne3
1022 2236 1109 2281 sine
1135 2237 1322 2282 libertate
1351 2253 1429 2281 au-

328 2321 409 2356 tem
443 2327 517 2356 nec
550 2313 706 2357 discere
746 2314 860 2370 quis,
893 2328 967 2358 nec
1003 2314 1178 2367 docere,
1211 2328 1286 2359 nec
1330 2330 1427 2360 vero
