1492 2896
277 249 289 275 ι
305 242 345 276 ιδ·
676 237 992 286 DISQUISITIO

325 344 517 394 Ejusmodi
565 357 678 391 quum
727 355 849 382 essent
899 345 1177 382 Atheniensium
1230 356 1349 392 mores
1366 371 1379 392 ‚

277 415 373 454 haud
412 415 542 451 mirum
587 412 756 462 profecto
798 415 834 451 in
871 415 976 452 bellis
1015 427 1078 451 eos
1114 414 1268 453 Persicis
1307 423 1378 458 tam

277 486 459 532 praeclara
489 484 649 522 edidisse
676 484 864 531 facinora,
902 485 1059 531 ideoque
1087 485 1217 524 deiude
1247 483 1381 535 dignos

277 553 396 591 fuisse
419 553 589 599 habitos,
617 554 681 600 qui
705 554 883 592 Graeciae
899 554 1145 601 principatum
1155 553 1381 592 obtinerent.

275 624 329 662 <Et
359 635 447 662 vero
464 652 476 671 ‚
504 624 566 661 tali
592 622 767 661 felicitate
793 624 937 672 gavisae
960 624 1127 661 Athenae
1150 624 1276 665 statim
1294 631 1384 672 post

277 693 372 731 bella
403 694 546 733 Persica
579 704 697 741 sunt,
736 694 835 742 quali
868 704 1057 741 nunquam
1088 701 1232 740 postea.
1284 693 1383 730 Nam

276 766 346 813 etsi
375 764 481 813 prius
508 776 574 812 per
605 764 716 802 breve
747 764 924 812 temporis
959 762 1120 811 spatium
1155 761 1383 802 Athenarum

274 834 440 882 vigorem
472 834 628 882 fregerat
656 834 930 882 quodammodo
958 833 1152 882 tyrannide
1177 829 1386 877 inducenda

274 904 513 951 Pisistratus,
536 904 617 952 ipse
642 904 787 951 quidem
810 904 933 942 bonus
958 905 1071 942 horno
1090 905 1289 952 legumque
1307 909 1388 943 stu-

274 973 426 1018 diosus,
468 975 531 1012 sed
567 974 736 1022 indignae
765 974 881 1022 prolis
913 985 1044 1023 pater.¹
1079 973 1297 1021 Hipparcho
1332 980 1386 1013 ta-

276 1054 359 1081 men
394 1043 522 1082 occiso
550 1045 784 1092 expulsoque
812 1044 977 1092 Hippia,
1026 1070 1052 1091 „
1072 1043 1240 1088 Ἀθῆναι,
1268 1044 1385 1084 ἐοῦσαι

275 1116 334 1154 καὶ
351 1116 430 1163 πρὶν.
448 1116 632 1161 μεγάλαι,
660 1117 741 1155 τότε
768 1116 1068 1163 ἀπαλλαχθεῖσαι
1091 1114 1288 1162 τυράννων,
1311 1113 1387 1158 ἐγί-

276 1198 370 1225 νοντο
391 1183 560 1233 μέζονες”
585 1184 670 1232 (1).
724 1184 865 1221 Verum
889 1206 940 1213 -
967 1185 1015 1221 ita
1047 1182 1120 1222 fert
1151 1194 1234 1220 sors
1260 1182 1388 1219 huma-

275 1263 321 1290 na
343 1273 395 1281 —
419 1263 540 1299 neque
566 1253 723 1291 Athenis
750 1264 873 1300 neque
899 1253 1032 1290 ceteris
1058 1253 1236 1292 Graeciae
1263 1251 1391 1292 civita·

277 1321 377 1360 tibus
413 1323 476 1360 diu
514 1323 606 1361 laeta
638 1323 698 1360 illa
735 1323 899 1361 conditio
933 1323 1072 1361 arrisit.
1128 1323 1179 1361 Ut
1212 1323 1307 1362 enim
1346 1335 1390 1362 ex

277 1392 523 1440 prosperitate
563 1393 766 1440 superbia,
803 1393 997 1438 luxuries,
1033 1393 1262 1440 aliorumque
1288 1391 1392 1430 fasti-

278 1460 379 1498 dium
412 1469 447 1498 et
485 1461 621 1501 invidia
662 1463 764 1500 nasci
804 1463 927 1510 solet;
966 1462 1018 1500 sic
1053 1464 1190 1501 sensim
1227 1464 1392 1501 Graecae

278 1530 537 1580 respublicae,
580 1544 694 1580 quum
734 1544 828 1580 quae
855 1533 974 1572 minus
1009 1533 1126 1581 gloria
1153 1533 1287 1571 valeret
1313 1533 1388 1571 a-lto

278 1600 478 1648 supercilio
503 1602 540 1638 in
562 1603 711 1641 alterius
739 1602 901 1650 vigorem
929 1601 1138 1650 famamque
1163 1603 1390 1650 despiceret,

277 1680 325 1708 eo
348 1680 637 1718 processerunt,
674 1681 740 1718 ut,
769 1672 938 1710 moribus
965 1673 1074 1710 avitis
1101 1673 1209 1720 plane
1235 1683 1392 1719 corrup-

279 1738 327 1776 tis
345 1766 357 1785 ‚
393 1741 493 1778 omni
517 1741 616 1789 leges
644 1743 679 1778 vi
717 1742 927 1789 nudarent,
967 1743 1106 1783 mutuis
1140 1742 1246 1780 bellis
1273 1754 1312 1780 se
1337 1743 1392 1779 in·

279 1809 394 1846 vicem
435 1818 614 1850 tentarent
651 1821 761 1858 atque
801 1813 991 1850 studerent
1027 1813 1233 1853 devincere.
1286 1812 1388 1853 Haec

281 1886 399 1916 tamen
426 1879 570 1928 omnia,
603 1890 640 1917 ut
667 1881 711 1918 ab
739 1882 809 1920 hoc
840 1883 925 1919 ioco
957 1883 1092 1928 aliena,
1119 1883 1249 1920 deinde
1276 1893 1390 1931 expo,-

279 1947 396 1986 uenda
423 1959 523 1987 sunt.
593 1950 838 1989 Transeamus
866 1954 938 2002 jam
973 1953 1017 1990 ad
1057 1952 1262 1991 Romanos..

320 2342 370 2381 (t)
394 2340 512 2370 Herod.
535 2339 610 2370 Lib.
636 2340 678 2371 V.
703 2352 730 2371 c.
755 2342 805 2372 66·
1281 2283 1317 2326 ᾖ.
1345 2292 1384 2328 4.
