1492 2896
304 278 363 323 38
676 277 1061 326 ORATIO.

298 412 423 459 vohis
461 412 646 473 prosim,
699 428 948 472 omnemque
1004 429 1140 475 meam
1187 413 1418 460 institutio-

295 512 392 543 nem
434 497 490 542 ad
535 513 628 543 eum
671 498 851 558 dirigam
888 499 1035 553 finem,
1083 507 1129 545 ut
1164 514 1251 545 non
1287 500 1418 545 modo

297 582 507 628 doctiores
548 584 761 638 evadatis,
805 584 879 629 sed
921 591 962 629 et
994 584 1200 630 meliores.
1290 583 1420 643 Quod

295 681 390 712 cum
414 667 600 714 videritis
614 701 627 724 ,
658 684 732 715 vos
758 684 825 715 me
849 677 1121 715 veneraturos
1145 677 1271 728 atque
1295 684 1419 714 ama-

294 758 413 798 turos
440 768 569 814 spero
602 769 654 799 ac
684 754 867 801 confido.
957 754 1256 818 Philosophiae
1288 768 1421 813 aeque

298 852 348 884 ac
381 839 530 884 litteris
563 838 882 884 humanioribus
908 853 1082 898 operam
1107 845 1271 884 navate.
1332 838 1424 883 Nos

299 938 326 969 a
366 939 564 983 germana
609 922 888 983 Philosophia
926 921 1032 966 nihil
1073 922 1291 975 timemus,
1331 921 1419 966 imo

294 1023 396 1055 vero
425 1009 589 1069 optima
625 1023 816 1066 quaeque
843 1014 1150 1068 exspectamus3
1195 1022 1292 1052 nam
1321 1022 1423 1053 vera

294 1093 574 1153 Philosophia
613 1107 701 1137 non
736 1099 879 1152 potest
915 1106 1002 1137 non
1039 1106 1134 1136 cum
1168 1106 1268 1135 vera
1299 1090 1422 1135 Reli-

294 1177 418 1238 gione
450 1177 584 1223 amice
612 1176 874 1236 conspirare.
965 1175 1142 1222 Utinam
1169 1188 1246 1219 vos
1273 1188 1422 1219 omnes

293 1277 371 1309 vos
399 1261 704 1308 commendetis
743 1260 935 1306 discendi
963 1259 1142 1312 ardore,
1180 1257 1422 1318 progressi-

294 1347 401 1401 bus,
425 1346 535 1391 vitae
558 1346 801 1399 honestate,
828 1343 1002 1404 pietate,
1029 1342 1287 1400 caeterisque
1303 1343 1421 1387 Aca-

296 1430 459 1475 demiae
492 1427 671 1473 alumnis
705 1428 898 1487 exempla
937 1426 1049 1471 sitis!
1137 1425 1315 1472 Utinam
1343 1439 1420 1470 vos

295 1527 442 1559 omnes
472 1512 698 1571 aliquando
731 1510 870 1565 docti,
902 1510 989 1570 pii,
1020 1510 1164 1554 fideles
1188 1509 1418 1563 Christi,

297 1598 468 1656 ejusque
502 1596 715 1641 Ecclesiae
745 1595 924 1639 ministri
954 1595 1165 1648 evadatis,
1197 1609 1275 1654 per
1311 1607 1420 1651 quos

295 1681 465 1742 plurimi
491 1680 536 1725 in
568 1695 710 1725 veram
750 1679 805 1724 ad
833 1680 1007 1723 salutem
1044 1679 1152 1723 viam
1185 1678 1421 1732 ducantur,

295 1766 341 1810 in
373 1780 505 1823 eaque
534 1771 768 1809 teneantur.
828 1762 898 1807 Ad
929 1761 1043 1820 quod
1075 1769 1120 1806 ut
1145 1778 1248 1805 cam
1279 1761 1422 1805 Colle-

297 1864 445 1909 garum
472 1863 687 1901 meorum,
720 1856 819 1891 tum
859 1860 960 1892 vero
998 1845 1123 1891 etiam
1162 1861 1256 1891 mea
1295 1845 1422 1890 insti-

297 1935 402 1981 tutio
442 1934 605 1988 valeat,
653 1931 846 1991 equidem
874 1931 1012 1976 Deum
1046 1931 1101 1976 Ο.
1138 1930 1197 1975 Μ.
1234 1937 1274 1975 et
1308 1943 1420 1974 nunc

293 2032 473 2079 precor,
503 2026 544 2064 et
572 2016 760 2076 quotidie
788 2031 882 2061 sum
912 2022 1173 2074 precaturus.

741 2174 966 2220 DIXI.
