1492 2896
298 322 352 364 18
658 316 696 360 Ο
732 312 771 359 R
802 316 837 358 A
872 314 910 358 'l'
941 313 957 355 l
991 312 1045 356 Ο.

293 454 408 497 illum
436 452 589 495 dicenti
608 451 885 509 Theologum.
947 448 1076 502 Nam,
1107 448 1146 491 si·
1171 446 1264 504 quis
1284 443 1410 496 atius,

291 537 360 580 ille
385 535 622 594 aptissimus
650 542 711 579 est
738 534 791 578 ad
810 532 1038 592 Religionis
1064 538 1233 576 nostrae
1257 528 1413 589 placita

295 622 604 677 cognoscenda
622 650 634 671 ‚
694 621 982 661 aestimanda
1002 649 1013 670 ‚
1066 618 1412 672 amplectenda,

295 707 549 757 tradenda,
580 706 869 748 vindicanda.
953 701 1018 746 De
1056 701 1225 760 singulis
1266 699 1414 745 videa-

293 804 401 834 mus.
1090 780 1092 783 ’

356 872 569 933 Oportere
598 873 861 930 Theologum
891 871 1124 929 Religionis·
1147 864 1415 914 'Christianae

294 956 450 1016 placita
479 964 641 1006 tenere,
676 971 764 1008 non
793 964 877 1009 est,
910 957 1025 1013 quod
1056 956 1247 1014 probem.
1318 954 1417 998 Jam

299 1054 399 1085 vero
428 1041 481 1084 ad
509 1040 578 1084 illa
605 1044 914 1097 cognoscenda
943 1055 1068 1096 quam
1097 1032 1153 1083 sit*
1174 1038 1414 1097 aptissimus

297 1139 520 1184 germanus
548 1124 852 1184 Philosophus,
885 1122 1214 1168 animadvertite.
1260 1122 1416 1165 Incen-

298 1209 411 1254 ditur
437 1209 504 1254 ille
540 1217 585 1254 et
607 1209 829 1268 instigatur
853 1223 930 1253 suo
957 1207 1045 1252 veri
1075 1208 1262 1264 bonique
1292 1223 1416 1253 amo-

296 1308 344 1337 re
383 1293 437 1337 ad
471 1308 614 1338 verum
654 1293 896 1350 bonumque
935 1293 1247 1351 indagandum,
1290 1301 1416 1351 atque

296 1378 343 1422 id
378 1378 538 1436 majore
565 1392 657 1422 cum
688 1378 862 1430 ardore,
894 1392 980 1434 quo
1004 1378 1175 1435 majoris
1209 1378 1291 1422 sint
1319 1392 1417 1423 mo-

296 1463 427 1506 menti
455 1477 547 1516 res,
577 1462 621 1505 in
651 1478 754 1519 quas
782 1450 969 1519 inquirit.
1060 1462 1258 1507 Excitant
1289 1462 1418 1521 igitur

299 1553 340 1592 et
356 1555 509 1591 acuunt
533 1546 634 1589 illud
657 1546 838 1590 studium
865 1546 908 1588 in
934 1545 1082 1605 primis
1108 1561 1181 1600 ea,
1213 1561 1321 1603 quae
1343 1562 1417 1591 re-

295 1630 516 1689 ligionem,
551 1644 658 1686 quae
691 1630 1043 1682 consolationem,
1076 1645 1185 1686 quae
1214 1631 1418 1675 emenda-

297 1714 479 1767 tionem,
509 1729 616 1770 quae
650 1714 773 1757 finem
805 1721 1019 1772 spectant,
1052 1730 1176 1771 quem
1210 1715 1300 1773 ipse
1334 1715 1416 1760 sibi

296 1798 514 1857 proponit,
617 1799 763 1854 Itaque
802 1798 974 1855 inquirit
1011 1800 1055 1841 in
1097 1799 1415 1857 patefacfionis,

299 1899 406 1940 quae
440 1884 620 1936 dicitur,
655 1883 834 1926 divi-nam
875 1883 1103 1941 originem3
1166 1899 1295 1941 quam
1329 1899 1415 1942 quo

297 1967 457 2011 {acilius
484 1967 677 2024 agnoscit
706 1974 744 2010 et
776 1967 1067 2025 persentiscit,
1101 1982 1150 2011 eo
1178 1968 1413 2022 ardentius,

298 2050 398 2107 quid
433 2051 501 2094 illa
537 2051 712 2103 doceat,
744 2059 939 2095 accurate
975 2052 1082 2096 seire
1123 2053 1253 2111 cupit.
1327 2053 1414 2099 Sed

296 2133 380 2178 hoc
428 2137 647 2187 Critices,
683 2137 1048 2188 Grammatices,
1082 2139 1416 2180 Fiermeneuti-

298 2235 369 2260 ces
411 2232 491 2277 ope
530 2218 813 2276 indagandum
862 2226 935 2262 est.
1043 2219 1106 2262 Ex
1144 2222 1235 2276 quo‘
1267 2228 1413 2279 patet,

297 2317 421 2357 quam
455 2310 577 2361 aptus
613 2303 664 2348 sit
701 2304 752 2347 acl
785 2303 1013 2361 Religionis
1041 2303 1193 2361 placita
1226 2318 1414 2362 cognos-
