1492 2896
380 227 895 282 INTROITUs
1175 247 1196 285 9

91 346 171 392 erat
190 346 472 400 desperandum.
543 351 726 399 Exemplo
755 348 863 388 nobis
891 350 967 387 sint
995 341 1198 386 Athenien-

90 414 464 477 ses'3‘³qui',‘monito
491 420 761 460 Themistoclis
792 420 883 458 urbe
906 420 1056 465 relicta,
1085 413 1198 457 naves

85 486 405 539 conscendebant,
435 499 476 529 ut
500 491 618 529 navali
640 489 784 539 proelio
803 490 991 527 Persarum
1019 490 1092 526 vim
1108 500 1196 536 pro-

88 545 336 600 sternerent.>
368 545 482 611 Quod
525 561 618 598 nisi·
639 560 731 609 ipsis
773 571 951 608 prospere
991 559 1196 603 cessisset«,

85 629 406 678 Sirin'sinItalia
436 630 590 677 urbem,
620 641 702 667 sese
729 627 979 667 contulissent
1004 639 1197 675 novasque

83 700 338 744 condidissent
365 702 527 740 Athenas
549 701 633 751 (1).

134 766 265 820 Itaque
292 766 437 809 habit'ae
462 779 550 808 sunt
575 770 743 808 civitates
774 768 963 816 „concilia
989 776 1198 815 coetusque

84 840 276 880 hominum
299 840 381 891 jure
406 841 567 880 sociati'’
592 841 676 889 (2).
735 841 841 887 „Est
868 839 965 877 enim
987 838 1116 875 civitas
1138 837 1197 886 ju-

84 911 134 950 ri‘s
161 912 350 950 societas”
378 911 471 961 (3),
522 923 587 949 seu
627 910 755 959 potius
797 921 966 958 „coetus
1004 909 1201 947 hominum*

83 990 159 1019 non
187 982 461 1030 quoquomodo
489 990 736 1031 congregatus
754 1008 766 1027 ,
803 981 868 1017 sed
892 980 984 1030 J'uris
1012 985 1197 1017 consensu

82 1045 127 1088 et'
147 1050 317 1088 utilitatis
343 1051 606 1088 communione
632 1051 823 1089 sociatus”
851 1050 935 1099 (4).
1001 1049 1098 1098 justi
1127 1049 1198 1086 sei-

83 1115 170 1158 licet
201 1120 369 1169 bonique
395 1132 506 1158 sensu
532 1132 573 1158 ac
601 1120 864 1159 studio-unice
890 1120 1011 1157 civilis
1038 1120 1198 1156 societas

85 1185 264 1229 contineri
300 1189 527 1240 putabatur,
565 1190 693 1239 prouti
719 1200 802 1238 apte
830 1190 866 1228 in
899 1191 1118 1239 Protagorea
1146 1189 1201 1227 fa-

83 1257 172 1300 b‘uia'
210 1262 431 1301 declaratum
461 1265 557 1300 'esse
597 1258 772 1299 vidimus.'
825 1264 917 1302 Αἰδῶ
950 1278 990 1301 τε
1020 1262 1078 1301 καὶ
1102 1262 1198 1306 δίκην

85 1325 246 1370 humano
275 1332 399 1382 generi
425 1343 492 1381 per
515 1331 744 1371 Mercurium
768 1332 921 1386 largitus
953 1341 1007 1369 est
1036 1330 1196 1380 Jupiter.

87 1403 262 1451 Utrfique
297 1403 437 1440 virtute
474 1403 662 1451 praeditus
709 1404 885 1440 internam
930 1401 1039 1439 habet
1083 1401 1198 1438 homo

80 1465 180 1527 j'uris
207 1469 284 1512 sive
307 1466 475 1523 justitiae
500 1474 717 1520 notionem,
758 1481 800 1510 ut
826 1471 918 1520 quid
943 1471 1045 1509 alteri
1071 1471 1201 1508 debeat

82 1553 208 1590 neque
229 1527 381 1593 ignoret
403 1554 470 1581 nec
497 1542 593 1581 nolit
620 1542 712 1581 illud
738 1543 777 1581 iu
804 1541 879 1580 vita
906 1540 1129 1586 observare,
1158 1550 1200 1578 ut

81 1607 307 1650 constantem
329 1621 452 1650 servet
477 1620 512 1650 et
531 1622 747 1663 perpetuam
771 1612 997 1650 voluntatem
1010 1611 1077 1658 jus
1093 1624 1199 1648 suum

83 1683 216 1731 cuique
241 1682 444 1720 tribuendi.
502 1683 587 1721 Hoc
616 1682 757 1724 scilicet
781 1682 888 1732 jubet
915 1682 1038 1719 innata
1061 1682 1121 1720 illa
1140 1684 1200 1730 ju-

83 1752 205 1790 stitiae
236 1764 326 1791 vox.
368 1753 453 1791 ‘Sed
480 1754 658 1801 pudorem
686 1754 795 1791 etiam
832 1752 1071 1799 accepimus,
1110 1751 1200 1788 boni

82 1821 268 1869 studium,
301 1831 342 1860 ut
371 1823 472 1871 quod
500 1824 697 1862 honestum
725 1831 943 1871 rectumque
969 1822 1019 1860 sit
1046 1832 1081 1859 et
1105 1822 1204 1860 cole-

83 1902 206 1929 remus
232 1899 270 1929 et
295 1902 565 1931 veneraremur.
610 1894 739 1940 Atque
765 1892 819 1930 uti
842 1891 1040 1940 aliquando
1070 1892 1200 1930 Tullio

83 1964 281 2000 maximum
316 1969 574 2000 ornamentum
617 1962 795 2000 amicitiae
822 1963 952 2000 tollere
978 1962 1198 2009 videbatur,

83 2031 221 2088 quiex
256 2043 295 2070 ea
330 2033 480 2072 tolleret
513 2024 772 2074 verecundiam
801 2033 893 2081 (5),
930 2033 978 2071 ita
1015 2033 1127 2082 hujus
1164 2033 1201 2071 iu

86 2144 172 2196 ζμ)
196 2151 318 2182 Herod.
340 2151 418 2188 Lib.
443 2151 545 2183 vm.
569 2163 598 2183 c.
621 2153 671 2184 62.
1150 2115 1183 2141 el

124 2207 171 2251 (2)
196 2206 265 2239 Cic.
291 2208 403 2238 Somn.
429 2208 519 2247 Scip.
541 2217 569 2238 c.
593 2206 645 2244 5.,
669 2207 706 2236 ad
731 2218 762 2248 q.
779 2207 801 2238 l.
824 2207 890 2239 vid.
913 2205 1117 2242 Macrobius.'

125 2255 170 2303 (3)
195 2261 265 2290 Cic.
286 2261 323 2290 de
337 2263 422 2302 Rep.
446 2260 523 2291 Lib.
542 2261 568 2290 1.
583 2272 611 2292 c.
626 2261 675 2292 52.
698 2261 760 2292 Cff.
776 2261 852 2291 Lib.
872 2261 936 2293 111.
951 2272 981 2295 c.
995 2272 1044 2294 21.
1063 2259 1089 2290 δὲ
1103 2272 1132 2291 c.
1149 2262 1197 2293 23.

125 2312 174 2353 (41
195 2313 218 2343 1.
233 2314 255 2344 Ι.
281 2313 358 2345 Lib.
382 2315 409 2346 Ι.
436 2326 467 2345 e·
487 2314 536 2347 25.
1122 2315 1135 2331 '³

125 2365 174 2405 (5⁸)
198 2367 267 2406 Cic,
288 2366 326 2398 (le
343 2367 450 2399 Amic.
474 2380 500 2399 c.
529 2370 578 2401 2'2.
