1492 2896
283 259 337 302 62
378 259 417 301 J.
435 260 483 303 L.
500 260 548 302 (j.
566 257 927 304 SCHROEDER
944 275 1046 305 VAN
1061 276 1157 306 nen
1172 262 1330 309 KOLK

282 399 528 442 conditionis
545 431 557 452 ‚
573 402 654 455 qua
677 417 779 442 czmz
793 401 980 445 universa
1003 411 1099 445 tam
1115 404 1277 461 Belgica
1297 405 1386 449 Ec·-

281 469 402 520 clesia
431 483 470 519 et
487 476 730 520 Hierarchia
749 484 845 521 tunc
874 479 1072 536 temporis
1103 487 1221 524 erant
1239 513 1252 534 ‚
1290 481 1387 524 nul-

280 556 359 596 lam
407 561 571 609 auctor-13
590 550 791 597 rationem
815 550 1060 608 'habuerim'
1079 563 1144 608 ct,
1174 557 1386 602 schisma-

276 636 316 672 te
361 630 484 688 plane
515 630 559 672 in
590 645 634 673 se
660 637 875 688 spectato,
906 645 957 675 ne
999 633 1169 677 verbum
1217 633 1385 691 quidem

278 708 330 750 de
371 708 664 751 remotioribus
695 707 802 752 illius
841 708 976 752 causis
1010 709 1217 754 monuerit
1228 707 1255 765 3'
1289 724 1383 755 cum

275 778 488 842 praeterea
518 799 641 828 unum
669 784 857 829 ordinem
883 785 1239 844 Chronologicum
1260 786 1385 831 adhi-

275 861 443 913 buerit,
475 869 515 905 et
544 861 778 906 schismatis
819 861 899 906 vim
916 893 929 915 ‚
959 878 1062 906 cum
1084 861 1127 906 in
1155 860 1384 907 Ecclesiam

277 945 316 981 et
346 937 634 982 Hierarchiam
661 938 896 996 Belgicam,
930 947 1026 983 tum
1056 939 1100 983 in
1123 954 1385 999 praeparan-

274 1015 370 1058 dam
401 1028 615 1059 sacrorum
648 1015 693 1059 in
719 1015 857 1075 patria
883 1023 1028 1060 nostra
1054 1013 1382 1063 emendationem

272 1091 399 1135 levius
437 1091 701 1150 exposuerit3
746 1107 840 1136 cum
870 1092 1047 1150 denique
1084 1093 1287 1138 Latinitas
1317 1094 1383 1139 vi·-

269 1169 339 1214 tiis
362 1176 519 1213 scateat
545 1184 672 1226 quam
711 1168 925 1228 plurimis,
973 1169 1132 1214 hancce
1164 1183 1381 1214 commen-

273 1245 468 1289 tationem
498 1245 685 1305 praemio
721 1245 953 1290 ornandam
985 1260 1070 1290 non
1110 1241 1268 1292 censuit
1292 1245 1381 1293 Fa-

274 1323 415 1366 cultas.

332 1399 542 1445 Lubenter
567 1406 703 1442 tamen
732 1397 1021 1442 animadvertit
1051 1397 1199 1450 Ordo,
1230 1405 1381 1445 aucto-

272 1493 356 1521 rem
379 1477 420 1520 in
443 1475 690 1520 adhibendis
715 1474 884 1534 optimis
907 1474 961 1518 ad
986 1473 1221 1519 schismatis
1242 1473 1377 1519 histo.

273 1555 376 1598 riam
416 1552 699 1611 explicandam
732 1551 942 1603 fontibus,
974 1551 1181 1609 egregiam
1208 1551 1379 1610 posuis-

270 1646 314 1674 se
349 1645 546 1689 operam,
592 1636 716 1684 atque
751 1627 795 1670 in
828 1626 1034 1672 nonnullis
1066 1626 1186 1670 factis
1227 1640 1378 1671 recen-

271 1706 409 1753 sendis
436 1705 651 1750 laudabilis
678 1703 903 1747 industriae
927 1710 968 1747 et
999 1703 1209 1758 ἄκριβεῖιες
1241 1702 1377 1748 histo-

269 1785 380 1829 ricae
424 1785 668 1829 documenta
706 1781 885 1825 subindo
929 1779 1123 1834 dedisse3
1157 1793 1375 1839 quaprop-

271 1871 334 1907 ter
372 1877 463 1907 eum
494 1860 660 1920 publice
697 1856 950 1902 laudandum
990 1855 1158 1900 censuit.
1221 1855 1288 1903 Ad
1330 1855 1373 1902 id

267 1940 483 1991 invitatus,
525 1935 828 1995 Disputationis
854 1942 1064 1977 auctorem
1091 1948 1180 1977 sese
1208 1933 1378 1991 profes-

269 2032 336 2059 sus
387 2023 447 2059 est
473 2048 484 2069 ,
535 2014 650 2074 quod
705 2019 847 2072 aperta
906 2010 1103 2054 schedula
1149 2008 1370 2067 probavit,

269 2094 572 2150 Egbertus
604 2091 908 2141 Roelants‚
941 2088 1144 2144 Theolog.
1186 2084 1370 2130 Studios.

269 2173 309 2214 in
359 2169 582 2213 Academia
638 2166 920 2223 Groningana.
1002 2164 1186 2207 Adversa
1239 2171 1374 2208 autem

269 2248 496 2292 valetudine
531 2246 597 2291 hic
630 2257 825 2303 praesens
857 2242 998 2286 adesse
1033 2254 1114 2284 non
1145 2239 1293 2297 potuit.
