2912 4368
997 1171 1382 1214 PHILOSOPHICO
1391 1195 1407 1205 ·
1416 1171 1722 1215 HISTORICA.
1854 1181 1923 1223 147

815 1297 908 1335 quae
938 1293 1059 1324 tamen
1091 1285 1161 1323 viri
1195 1283 1328 1322 summi
1362 1285 1542 1323 sententia
1577 1285 1685 1322 unice
1722 1283 1768 1323 ad
1799 1294 1920 1322 mores

811 1355 937 1395 referri
981 1357 1104 1395 debet.
1175 1358 1380 1405 „offlam-405
1429 1357 1502 1404 γὰρ
1541 1359 1711 1396 κινοῦνται
1752 1359 1920 1403 μουσικῆς

809 1430 925 1477 τρόποι
966 1429 1050 1468 ἄνευ
1092 1431 1279 1468 πολιτικῶν
1322 1427 1432 1474 νόμων
1477 1429 1544 1466 τῶν
1586 1423 1798 1473 asylum?
1833 1424 1920 1471 (ι).

806 1498 956 1536 Scilicet
980 1497 1168 1536 continuit
1193 1498 1279 1534 olim
1303 1496 1442 1533 musica
1469 1494 1601 1543 poesin
1628 1494 1740 1532 simul
1764 1502 1802 1532 et
1826 1492 1922 1532 refe·⁴

807 1568 954 1605 rebatur
981 1577 1137 1616 utraque
1162 1568 1206 1605 ad
1233 1578 1290 1604 res
1309 1577 1453 1610 sacras,
1482 1566 1637 1614 eJ'usque
1666 1563 1858 1612 integritas
1876 1560 1922 1601 ad

805 1649 1004 1685 puerorum
1051 1637 1193 1675 animos
1239 1645 1323 1685 apte
1369 1636 1619 1674 instituendos
1663 1633 1922 1682 requirebatur

807 1719 916 1755 quam
946 1708 1114 1746 maxime.
1156 1708 1220 1746 Illa
1244 1718 1332 1745 vero
1357 1715 1475 1744 aetate
1503 1704 1637 1743 musici
1665 1704 1765 1742 modi
1789 1704 1920 1743 mutati

805 1775 1057 1815 referebantur
1084 1778 1192 1815 unice
1218 1778 1262 1815 ad
1290 1777 1391 1815 cives
1416 1775 1677 1822 delectandos,
1704 1774 1769 1822 qui
1790 1774 1920 1812 deinde

803 1850 864 1897 jus
892 1848 964 1886 sibi
994 1848 1211 1897 arrogabant
1243 1848 1289 1885 de
1319 1859 1357 1884 re
1385 1847 1526 1884 musica
1560 1844 1779 1884 decernendi
1809 1853 1845 1882 et
1874 1845 1920 1883 de

806 1929 1030 1967 quacunque
1057 1930 1094 1955 re
1124 1917 1411 1966 pronunciandi.
1475 1916 1576 1954 Haec
1603 1915 1747 1953 tandem
1773 1914 1919 1952 licentia

806 1987 926 2025 omnia
953 1988 1117 2034 invasit,
1146 1997 1211 2033 ut,
1245 1999 1360 2035 quum
1385 1987 1458 2025 sibi
1486 1986 1648 2034 quisque
1677 1986 1831 2024 idoneus
1861 1986 1918 2023 vi·

804 2058 952 2094 deretur
987 2057 1153 2106 cujusvis
1186 2057 1327 2106 negotii
1354 2058 1493 2106 judex,
1526 2057 1705 2104 pudorem
1733 2055 1919 2105 exciperet

803 2127 1055 2175 impudentia,
1094 2127 1296 2164 modestam
1328 2128 1448 2174 legum
1479 2126 1718 2164 reverentiam
1744 2127 1916 2175 petulans

802 2197 972 2245 licentia;
999 2199 1101 2244 quod
1125 2198 1275 2246 quidem
1298 2197 1335 2235 in
1362 2197 1525 2236 Platonis
1549 2196 1593 2235 de
1619 2197 1780 2247 Legibus
1806 2206 1918 2245 opere

804 2277 928 2315 aperte
952 2267 1194 2317 significatur.
1239 2267 1295 2305 Ibi
1318 2268 1414 2305 enim
1438 2279 1539 2305 suam
1567 2270 1699 2316 procul
1722 2268 1837 2306 dubio
1863 2269 1916 2305 ci-

805 2339 951 2374 vitatem
982 2347 1154 2384 spectans
1183 2338 1287 2375 Plato
1304 2350 1315 2375 z
1357 2365 1380 2384 „
1399 2341 1555 2387 Ἐφεξῆς
1572 2341 1612 2385 δὴ
1627 2341 1744 2387 ταύτῃ
1759 2345 1805 2387 τῇ
1818 2341 1917 2379 ἕλευ·

803 2410 896 2457 θερίᾳ
919 2410 939 2454 ἧ
966 2411 1027 2447 τοῦ
1052 2410 1103 2456 μη
1129 2409 1254 2447 ἐθέλειν
1282 2414 1353 2452 τοῖς
1381 2409 1531 2457 ἄρχουσι
1560 2410 1734 2449 δουλεύειν
1760 2410 1914 2456 γίγνοιτ’

802 2479 860 2517 ἄν’
887 2480 947 2517 καὶ
978 2480 1129 2525 ἑπομένη
1163 2480 1305 2526 ταύτῃ,
1341 2481 1493 2528 <penbyay
1527 2482 1660 2528 πατρὸς
1694 2481 1754 2519 καὶ
1785 2482 1916 2529 μητρὸς

802 2550 861 2587 καὶ
893 2550 1139 2597 πρεσβυτέρων
1172 2551 1331 2589 δουλείκν
1362 2551 1421 2589 καὶ
1455 2552 1662 2596 νουθέτησιν.
1702 2551 1762 2590 καὶ
1797 2552 1914 2598 ἐγγὺς

798 2622 862 2657 τοῦ
889 2619 1010 2662 τέλους
1033 2617 1132 2662 οὖσι,
1160 2620 1270 2666 νόμων
1294 2620 1409 2667 ζητεῖν
1436 2621 1487 2666 μη
1515 2620 1674 2664 ὑπηκόοις
1700 2618 1802 2660 εἶναι.
1829 2621 1913 2668 πρὸς

803 2690 898 2737 αὐτῷ
924 2690 960 2727 δὲ
983 2690 1044 2733 ἤδη
1059 2691 1107 2736 τῷ
1131 2691 1248 2732 τέλει,
1274 2688 1378 2736 ὅρκων
1401 2690 1460 2727 καὶ
1488 2691 1641 2728 πίστεων
1662 2690 1720 2727 uxi
1742 2692 1782 2729 τὸ
1797 2690 1915 2738 ποοροέὀ

801 2773 873 2797 παν
888 2759 968 2797 θεῶν
982 2760 1033 2804 μη
1055 2760 1267 2807 φροντίζειν,
1304 2761 1366 2802 την
1392 2760 1588 2806 λεγομένην
1614 2760 1777 2798 ποιλοοιόιν
1800 2765 1915 2799 Tim·

800 2830 892 2873 νικῆν
917 2829 1025 2876 Φύσιν
1047 2830 1276 2867 ἐπιδεικνῦσιν
1296 2830 1356 2866 uxi
1382 2830 1624 2876 μιμουμένοις·
1655 2830 1712 2868 ἐπὶ
1743 2831 1792 2870 τοὶ
1816 2832 1912 2870 αὐτοὶ

799 2899 910 2937 πάλιν
933 2899 1048 2938 ἐκεῖνοι
1072 2899 1331 2946 ἀφικομένους,
1365 2901 1530 2947 χοιλεπὸν
1556 2902 1664 2939 αἰῶνας
1695 2900 1911 2946 διάγοντας.

800 2970 848 3014 μὴ
871 2969 977 3015 λῆξαι
1002 2970 1088 3007 ποτὲ
1112 2967 1349 3015 κακῶν”<2).
1398 2968 1478 3005 Nec
1501 2969 1654 3005 mirum:
1684 2978 1764 3006 nam
1783 2969 1912 3017 depra-

1850 3044 1912 3069 va·

841 3094 888 3132 (1)
912 3091 993 3122 plat.
1016 3093 1054 3122 de
1075 3094 1158 3133 Rep.
1194 3092 1234 3121 L.
1254 3092 1313 3122 lv.
1328 3093 1400 3124 424.
1415 3092 1454 3124 C-
1517 3092 1605 3123 Idem
1639 3097 1710 3122 ante
1746 3092 1911 3124 Platonem

802 3145 924 3174 dixerat
935 3147 1072 3176 musicus
1088 3147 1212 3176 Damon
1226 3169 1234 3183 ‚
1259 3152 1293 3176 ut
1307 3148 1457 3177 observat
1478 3147 1528 3176 Cl.
1543 3147 1601 3176 den
1613 3146 1681 3175 Tcx
1694 3169 1702 3183 ,
1728 3149 1766 3177 de
1782 3149 1815 3177 vi
1828 3160 1910 3182 mus.

801 3209 832 3236 p.
855 3199 945 3236 132.‚
966 3202 1022 3240 qui
1048 3201 1176 3230 omnino
1202 3201 1241 3230 de
1269 3202 1325 3230 hae
1359 3200 1501 3231 Platonis
1523 3201 1678 3230 sententia
1701 3201 1911 3233 consulendus

802 3255 868 3287 est,
891 3252 983 3289 impr.
1006 3264 1036 3291 p.
1053 3255 1122 3284 1128.
1137 3265 1211 3294 sqq.

841 3307 887 3345 (2)
916 3305 996 3337 Plat.
1017 3308 1054 3336 (le
1070 3310 1171 3347 Legg.
1195 3308 1270 3338 Lib.
1288 3308 1353 3338 111.
1368 3318 1441 3348 70⁰·
1457 3308 1501 3338 D.
1516 3323 1550 3330 --
1567 3317 1637 3348 701.
1653 3308 1692 3339 C.

1318 3364 1400 3400 Ka
