<?xml version="1.0" encoding="UTF-8"?>
<!DOCTYPE html PUBLIC "-//W3C//DTD XHTML 1.0 Transitional//EN"
    "http://www.w3.org/TR/xhtml1/DTD/xhtml1-transitional.dtd">
<html xmlns="http://www.w3.org/1999/xhtml" xml:lang="en" lang="en">
 <head>
  <title>
</title>
<meta http-equiv="Content-Type" content="text/html;charset=utf-8" />
  <meta name='ocr-system' content='tesseract 3.04.00' />
  <meta name='ocr-capabilities' content='ocr_page ocr_carea ocr_par ocr_line ocrx_word'/>
</head>
<body>
  <div class='ocr_page' id='page_1' title='image "annalesacademiae36acad_0280.png"; bbox 0 0 1492 2896; ppageno 0'>
   <div class='ocr_carea' id='block_1_1' title="bbox 315 284 1357 332">
    <p class='ocr_par' dir='ltr' id='par_1_1' title="bbox 315 284 1357 332">
     <span class='ocr_line' id='line_1_1' title="bbox 315 284 1357 332; baseline 0 0"><span class='ocrx_word' id='word_1_1' title='bbox 315 286 369 332; x_wconf 70' lang='lat' dir='ltr'><strong>llll</strong></span> <span class='ocrx_word' id='word_1_2' title='bbox 412 287 451 332; x_wconf 86' lang='lat' dir='ltr'><strong>J.</strong></span> <span class='ocrx_word' id='word_1_3' title='bbox 471 285 517 331; x_wconf 90' lang='lat' dir='ltr'><strong>L.</strong></span> <span class='ocrx_word' id='word_1_4' title='bbox 534 286 585 331; x_wconf 88' lang='lat' dir='ltr'><strong>C.</strong></span> <span class='ocrx_word' id='word_1_5' title='bbox 597 284 951 330; x_wconf 79' lang='lat' dir='ltr'>SCHROEDER</span> <span class='ocrx_word' id='word_1_6' title='bbox 966 297 1069 330; x_wconf 60' lang='lat' dir='ltr'><strong>van</strong></span> <span class='ocrx_word' id='word_1_7' title='bbox 1083 299 1181 330; x_wconf 76' lang='lat' dir='ltr'><strong>nnn</strong></span> <span class='ocrx_word' id='word_1_8' title='bbox 1197 285 1357 332; x_wconf 89' lang='lat' dir='ltr'>KOLK</span> 
     </span>
    </p>
   </div>
   <div class='ocr_carea' id='block_1_2' title="bbox 285 426 1418 2401">
    <p class='ocr_par' dir='ltr' id='par_1_2' title="bbox 308 426 1418 854">
     <span class='ocr_line' id='line_1_2' title="bbox 315 426 1418 485; baseline 0.001 -13"><span class='ocrx_word' id='word_1_9' title='bbox 315 427 460 472; x_wconf 87' lang='lat' dir='ltr'><strong>dorem</strong></span> <span class='ocrx_word' id='word_1_10' title='bbox 496 428 701 485; x_wconf 85' lang='lat' dir='ltr'><strong>egregium</strong></span> <span class='ocrx_word' id='word_1_11' title='bbox 715 459 727 481; x_wconf 92' lang='lat'>‚</span> <span class='ocrx_word' id='word_1_12' title='bbox 759 434 845 471; x_wconf 89' lang='lat' dir='ltr'><strong>tum</strong></span> <span class='ocrx_word' id='word_1_13' title='bbox 874 427 1079 485; x_wconf 85' lang='lat' dir='ltr'><strong>singulare</strong></span> <span class='ocrx_word' id='word_1_14' title='bbox 1103 426 1203 472; x_wconf 93' lang='lat' dir='ltr'><strong>illud</strong></span> <span class='ocrx_word' id='word_1_15' title='bbox 1233 428 1288 473; x_wconf 86' lang='lat' dir='ltr'><strong>ab</strong></span> <span class='ocrx_word' id='word_1_16' title='bbox 1320 442 1418 473; x_wconf 82' lang='lat' dir='ltr'><strong>om-</strong></span> 
     </span>
     <span class='ocr_line' id='line_1_3' title="bbox 312 503 1416 556; baseline 0 -8"><span class='ocrx_word' id='word_1_17' title='bbox 312 503 457 556; x_wconf 88' lang='lat' dir='ltr'><strong>nibus,</strong></span> <span class='ocrx_word' id='word_1_18' title='bbox 509 511 716 548; x_wconf 89' lang='lat' dir='ltr'><strong>servatum</strong></span> <span class='ocrx_word' id='word_1_19' title='bbox 769 503 965 547; x_wconf 87' lang='lat' dir='ltr'><strong>decorum</strong></span> <span class='ocrx_word' id='word_1_20' title='bbox 982 535 993 555; x_wconf 92' lang='lat'><strong><em>‚</em></strong></span> <span class='ocrx_word' id='word_1_21' title='bbox 1043 503 1333 548; x_wconf 81' lang='lat' dir='ltr'><strong>continentiam</strong></span> <span class='ocrx_word' id='word_1_22' title='bbox 1374 511 1416 548; x_wconf 86' lang='lat' dir='ltr'><strong>et</strong></span> 
     </span>
     <span class='ocr_line' id='line_1_4' title="bbox 311 578 1414 632; baseline 0.003 -9"><span class='ocrx_word' id='word_1_23' title='bbox 311 578 638 624; x_wconf 86' lang='lat' dir='ltr'><strong>moderationem</strong></span> <span class='ocrx_word' id='word_1_24' title='bbox 655 611 667 632; x_wconf 90' lang='lat'>‚</span> <span class='ocrx_word' id='word_1_25' title='bbox 696 593 781 623; x_wconf 89' lang='lat' dir='ltr'><strong>non</strong></span> <span class='ocrx_word' id='word_1_26' title='bbox 809 579 936 623; x_wconf 90' lang='lat' dir='ltr'><strong>modo</strong></span> <span class='ocrx_word' id='word_1_27' title='bbox 969 579 1138 624; x_wconf 88' lang='lat' dir='ltr'><strong>Festum</strong></span> <span class='ocrx_word' id='word_1_28' title='bbox 1161 581 1414 626; x_wconf 86' lang='lat' dir='ltr'><strong>Academiae</strong></span> 
     </span>
     <span class='ocr_line' id='line_1_5' title="bbox 310 656 1411 715; baseline 0.001 -15"><span class='ocrx_word' id='word_1_29' title='bbox 310 656 599 715; x_wconf 86' lang='lat' dir='ltr'><strong>splendidum,</strong></span> <span class='ocrx_word' id='word_1_30' title='bbox 631 664 755 714; x_wconf 85' lang='lat' dir='ltr'><strong>atque</strong></span> <span class='ocrx_word' id='word_1_31' title='bbox 788 656 1070 715; x_wconf 86' lang='lat' dir='ltr'><strong>magnificum,</strong></span> <span class='ocrx_word' id='word_1_32' title='bbox 1101 671 1241 701; x_wconf 81' lang='lat' dir='ltr'><strong>verum</strong></span> <span class='ocrx_word' id='word_1_33' title='bbox 1269 657 1411 710; x_wconf 80' lang='lat' dir='ltr'><strong>etiam,</strong></span> 
     </span>
     <span class='ocr_line' id='line_1_6' title="bbox 308 733 1413 791; baseline 0 -14"><span class='ocrx_word' id='word_1_34' title='bbox 308 741 515 791; x_wconf 79' lang='lat' dir='ltr'><strong>quotquot</strong></span> <span class='ocrx_word' id='word_1_35' title='bbox 561 733 804 786; x_wconf 87' lang='lat' dir='ltr'><strong>adfuerint,</strong></span> <span class='ocrx_word' id='word_1_36' title='bbox 861 733 911 777; x_wconf 89' lang='lat' dir='ltr'><strong>iis</strong></span> <span class='ocrx_word' id='word_1_37' title='bbox 958 733 1413 778; x_wconf 85' lang='lat' dir='ltr'><strong>honorificentissimum</strong></span> 
     </span>
     <span class='ocr_line' id='line_1_7' title="bbox 308 809 783 854; baseline 0 0"><span class='ocrx_word' id='word_1_38' title='bbox 308 823 461 854; x_wconf 79' lang='lat' dir='ltr'><strong>vocare</strong></span> <span class='ocrx_word' id='word_1_39' title='bbox 499 823 584 854; x_wconf 88' lang='lat' dir='ltr'><strong>non</strong></span> <span class='ocrx_word' id='word_1_40' title='bbox 622 809 783 854; x_wconf 82' lang='lat' dir='ltr'><strong>dubito.</strong></span> 
     </span>
    </p>

    <p class='ocr_par' dir='ltr' id='par_1_3' title="bbox 292 885 1412 1710">
     <span class='ocr_line' id='line_1_8' title="bbox 362 885 1412 946; baseline 0.002 -18"><span class='ocrx_word' id='word_1_41' title='bbox 362 885 407 928; x_wconf 88' lang='lat' dir='ltr'><strong>Si</strong></span> <span class='ocrx_word' id='word_1_42' title='bbox 444 885 553 929; x_wconf 89' lang='lat' dir='ltr'><strong>hanc</strong></span> <span class='ocrx_word' id='word_1_43' title='bbox 593 886 756 931; x_wconf 84' lang='lat' dir='ltr'><strong>Urbem</strong></span> <span class='ocrx_word' id='word_1_44' title='bbox 795 886 1025 939; x_wconf 86' lang='lat' dir='ltr'><strong>recordor,</strong></span> <span class='ocrx_word' id='word_1_45' title='bbox 1072 894 1158 931; x_wconf 88' lang='lat' dir='ltr'><strong>tum</strong></span> <span class='ocrx_word' id='word_1_46' title='bbox 1196 886 1412 946; x_wconf 89' lang='lat' dir='ltr'><strong>splendide</strong></span> 
     </span>
     <span class='ocr_line' id='line_1_9' title="bbox 303 962 1412 1021; baseline 0 -14"><span class='ocrx_word' id='word_1_47' title='bbox 303 970 521 1015; x_wconf 87' lang='lat' dir='ltr'><strong>ornatam,</strong></span> <span class='ocrx_word' id='word_1_48' title='bbox 563 962 734 1021; x_wconf 88' lang='lat' dir='ltr'><strong>ejusque</strong></span> <span class='ocrx_word' id='word_1_49' title='bbox 772 962 915 1015; x_wconf 84' lang='lat' dir='ltr'><strong>Cives,</strong></span> <span class='ocrx_word' id='word_1_50' title='bbox 958 963 1028 1020; x_wconf 88' lang='lat' dir='ltr'><strong>qui</strong></span> <span class='ocrx_word' id='word_1_51' title='bbox 1065 963 1119 1007; x_wconf 89' lang='lat' dir='ltr'><strong>ad</strong></span> <span class='ocrx_word' id='word_1_52' title='bbox 1147 977 1273 1007; x_wconf 90' lang='lat' dir='ltr'><strong>unum</strong></span> <span class='ocrx_word' id='word_1_53' title='bbox 1315 977 1412 1007; x_wconf 92' lang='lat' dir='ltr'><strong>om-</strong></span> 
     </span>
     <span class='ocr_line' id='line_1_10' title="bbox 300 1039 1412 1097; baseline 0 -14"><span class='ocrx_word' id='word_1_54' title='bbox 300 1055 401 1092; x_wconf 86' lang='lat' dir='ltr'><strong>ncs,</strong></span> <span class='ocrx_word' id='word_1_55' title='bbox 433 1054 483 1084; x_wconf 87' lang='lat' dir='ltr'><strong>ne</strong></span> <span class='ocrx_word' id='word_1_56' title='bbox 510 1040 561 1083; x_wconf 85' lang='lat' dir='ltr'><strong>iis</strong></span> <span class='ocrx_word' id='word_1_57' title='bbox 586 1040 754 1097; x_wconf 89' lang='lat' dir='ltr'><strong>quidem</strong></span> <span class='ocrx_word' id='word_1_58' title='bbox 773 1072 785 1093; x_wconf 92' lang='lat'><strong>,</strong></span> <span class='ocrx_word' id='word_1_59' title='bbox 815 1054 993 1097; x_wconf 88' lang='lat' dir='ltr'><strong>quornm</strong></span> <span class='ocrx_word' id='word_1_60' title='bbox 1031 1040 1215 1084; x_wconf 89' lang='lat' dir='ltr'><strong>conditio</strong></span> <span class='ocrx_word' id='word_1_61' title='bbox 1256 1047 1316 1084; x_wconf 82' lang='lat' dir='ltr'><strong>est</strong></span> <span class='ocrx_word' id='word_1_62' title='bbox 1340 1039 1412 1083; x_wconf 90' lang='lat' dir='ltr'><strong>in-</strong></span> 
     </span>
     <span class='ocr_line' id='line_1_11' title="bbox 300 1116 1411 1175; baseline 0 -16"><span class='ocrx_word' id='word_1_63' title='bbox 300 1116 422 1168; x_wconf 89' lang='lat' dir='ltr'><strong>fima,</strong></span> <span class='ocrx_word' id='word_1_64' title='bbox 454 1116 663 1175; x_wconf 79' lang='lat' dir='ltr'><strong>exceptis,</strong></span> <span class='ocrx_word' id='word_1_65' title='bbox 695 1131 811 1160; x_wconf 92' lang='lat' dir='ltr'><strong>suum</strong></span> <span class='ocrx_word' id='word_1_66' title='bbox 845 1116 1039 1174; x_wconf 85' lang='lat' dir='ltr'><strong>gaudium</strong></span> <span class='ocrx_word' id='word_1_67' title='bbox 1066 1116 1253 1161; x_wconf 84' lang='lat' dir='ltr'><strong>certatim</strong></span> <span class='ocrx_word' id='word_1_68' title='bbox 1279 1116 1411 1174; x_wconf 86' lang='lat' dir='ltr'><strong>signi-</strong></span> 
     </span>
     <span class='ocr_line' id='line_1_12' title="bbox 300 1192 1410 1250; baseline 0.001 -14"><span class='ocrx_word' id='word_1_69' title='bbox 300 1193 509 1246; x_wconf 87' lang='lat' dir='ltr'><strong>ficabant,</strong></span> <span class='ocrx_word' id='word_1_70' title='bbox 542 1193 724 1238; x_wconf 86' lang='lat' dir='ltr'><strong>animum</strong></span> <span class='ocrx_word' id='word_1_71' title='bbox 757 1193 870 1236; x_wconf 80' lang='lat' dir='ltr'><strong>subit</strong></span> <span class='ocrx_word' id='word_1_72' title='bbox 901 1192 1048 1237; x_wconf 84' lang='lat' dir='ltr'><strong>Matris</strong></span> <span class='ocrx_word' id='word_1_73' title='bbox 1083 1192 1296 1250; x_wconf 86' lang='lat' dir='ltr'><strong>cujusdam</strong></span> <span class='ocrx_word' id='word_1_74' title='bbox 1335 1207 1410 1237; x_wconf 86' lang='lat' dir='ltr'><strong>ve-</strong></span> 
     </span>
     <span class='ocr_line' id='line_1_13' title="bbox 298 1267 1408 1326; baseline 0.001 -13"><span class='ocrx_word' id='word_1_75' title='bbox 298 1270 507 1314; x_wconf 84' lang='lat' dir='ltr'><strong>nerandae</strong></span> <span class='ocrx_word' id='word_1_76' title='bbox 546 1269 717 1326; x_wconf 84' lang='lat' dir='ltr'><strong>imago,</strong></span> <span class='ocrx_word' id='word_1_77' title='bbox 765 1284 870 1326; x_wconf 84' lang='lat' dir='ltr'><strong>quae</strong></span> <span class='ocrx_word' id='word_1_78' title='bbox 911 1269 1097 1312; x_wconf 83' lang='lat' dir='ltr'><strong>Natalem</strong></span> <span class='ocrx_word' id='word_1_79' title='bbox 1131 1267 1238 1313; x_wconf 88' lang='lat' dir='ltr'><strong>filiae</strong></span> <span class='ocrx_word' id='word_1_80' title='bbox 1276 1268 1408 1314; x_wconf 87' lang='lat' dir='ltr'><strong>dilec-</strong></span> 
     </span>
     <span class='ocr_line' id='line_1_14' title="bbox 298 1344 1405 1405; baseline -0.001 -16"><span class='ocrx_word' id='word_1_81' title='bbox 298 1347 478 1391; x_wconf 56' lang='lat' dir='ltr'><strong>tissimae</strong></span> <span class='ocrx_word' id='word_1_82' title='bbox 507 1347 645 1399; x_wconf 87' lang='lat' dir='ltr'><strong>omni,</strong></span> <span class='ocrx_word' id='word_1_83' title='bbox 687 1362 768 1403; x_wconf 86' lang='lat' dir='ltr'><strong>qua</strong></span> <span class='ocrx_word' id='word_1_84' title='bbox 803 1353 968 1405; x_wconf 85' lang='lat' dir='ltr'><strong>potest,</strong></span> <span class='ocrx_word' id='word_1_85' title='bbox 1001 1360 1122 1398; x_wconf 86' lang='lat' dir='ltr'><strong>cura,</strong></span> <span class='ocrx_word' id='word_1_86' title='bbox 1153 1344 1405 1405; x_wconf 83' lang='lat' dir='ltr'><strong>splendore,</strong></span> 
     </span>
     <span class='ocr_line' id='line_1_15' title="bbox 295 1421 1405 1483; baseline -0.001 -16"><span class='ocrx_word' id='word_1_87' title='bbox 295 1423 487 1467; x_wconf 88' lang='lat' dir='ltr'><strong>omnibus</strong></span> <span class='ocrx_word' id='word_1_88' title='bbox 517 1423 681 1483; x_wconf 85' lang='lat' dir='ltr'><strong>pietatis</strong></span> <span class='ocrx_word' id='word_1_89' title='bbox 718 1431 757 1466; x_wconf 92' lang='lat' dir='ltr'><strong>et</strong></span> <span class='ocrx_word' id='word_1_90' title='bbox 793 1421 973 1466; x_wconf 78' lang='lat' dir='ltr'><strong>caritatis</strong></span> <span class='ocrx_word' id='word_1_91' title='bbox 1010 1421 1159 1480; x_wconf 85' lang='lat' dir='ltr'><strong>signis,</strong></span> <span class='ocrx_word' id='word_1_92' title='bbox 1195 1422 1405 1466; x_wconf 87' lang='lat' dir='ltr'><strong>celebrare</strong></span> 
     </span>
     <span class='ocr_line' id='line_1_16' title="bbox 293 1498 1402 1556; baseline -0.002 -13"><span class='ocrx_word' id='word_1_93' title='bbox 293 1508 491 1553; x_wconf 86' lang='lat' dir='ltr'><strong>conatur,</strong></span> <span class='ocrx_word' id='word_1_94' title='bbox 532 1501 588 1544; x_wconf 83' lang='lat' dir='ltr'><strong>ita</strong></span> <span class='ocrx_word' id='word_1_95' title='bbox 627 1507 672 1543; x_wconf 91' lang='lat' dir='ltr'><strong>ut</strong></span> <span class='ocrx_word' id='word_1_96' title='bbox 714 1499 904 1556; x_wconf 80' lang='lat' dir='ltr'><strong>equidem</strong></span> <span class='ocrx_word' id='word_1_97' title='bbox 947 1498 1028 1542; x_wconf 89' lang='lat' dir='ltr'><strong>hoc</strong></span> <span class='ocrx_word' id='word_1_98' title='bbox 1064 1498 1234 1551; x_wconf 89' lang='lat' dir='ltr'><strong>festum,</strong></span> <span class='ocrx_word' id='word_1_99' title='bbox 1289 1498 1402 1555; x_wconf 91' lang='lat' dir='ltr'><strong>quod</strong></span> 
     </span>
     <span class='ocr_line' id='line_1_17' title="bbox 294 1575 1401 1634; baseline -0.004 -12"><span class='ocrx_word' id='word_1_100' title='bbox 294 1578 621 1630; x_wconf 83' lang='lat' dir='ltr'><strong>celebravimus,</strong></span> <span class='ocrx_word' id='word_1_101' title='bbox 666 1592 749 1620; x_wconf 87' lang='lat' dir='ltr'><strong>non</strong></span> <span class='ocrx_word' id='word_1_102' title='bbox 792 1575 919 1634; x_wconf 84' lang='lat' dir='ltr'><strong>magis</strong></span> <span class='ocrx_word' id='word_1_103' title='bbox 956 1575 1238 1627; x_wconf 83' lang='lat' dir='ltr'><strong>Academiae,</strong></span> <span class='ocrx_word' id='word_1_104' title='bbox 1276 1587 1401 1632; x_wconf 88' lang='lat' dir='ltr'><strong>quam</strong></span> 
     </span>
     <span class='ocr_line' id='line_1_18' title="bbox 292 1650 1283 1710; baseline -0.004 -13"><span class='ocrx_word' id='word_1_105' title='bbox 292 1654 418 1698; x_wconf 86' lang='lat' dir='ltr'><strong>totius</strong></span> <span class='ocrx_word' id='word_1_106' title='bbox 445 1654 578 1699; x_wconf 80' lang='lat' dir='ltr'><strong>Urbis</strong></span> <span class='ocrx_word' id='word_1_107' title='bbox 607 1651 882 1710; x_wconf 80' lang='lat' dir='ltr'><strong>gratissimum</strong></span> <span class='ocrx_word' id='word_1_108' title='bbox 914 1652 1060 1695; x_wconf 88' lang='lat' dir='ltr'><strong>festum</strong></span> <span class='ocrx_word' id='word_1_109' title='bbox 1098 1650 1283 1694; x_wconf 84' lang='lat' dir='ltr'><strong>dixerim.</strong></span> 
     </span>
    </p>

    <p class='ocr_par' dir='ltr' id='par_1_4' title="bbox 288 1725 1402 2173">
     <span class='ocr_line' id='line_1_19' title="bbox 348 1725 1402 1789; baseline -0.008 -13"><span class='ocrx_word' id='word_1_110' title='bbox 348 1731 394 1777; x_wconf 80' lang='lat' dir='ltr'><strong>Si</strong></span> <span class='ocrx_word' id='word_1_111' title='bbox 420 1736 565 1789; x_wconf 76' lang='lat' dir='ltr'><strong>repeto</strong></span> <span class='ocrx_word' id='word_1_112' title='bbox 602 1744 725 1774; x_wconf 81' lang='lat' dir='ltr'><strong>unam</strong></span> <span class='ocrx_word' id='word_1_113' title='bbox 758 1742 925 1772; x_wconf 88' lang='lat' dir='ltr'><strong>causam</strong></span> <span class='ocrx_word' id='word_1_114' title='bbox 949 1726 1108 1785; x_wconf 84' lang='lat' dir='ltr'><strong>gaudii,</strong></span> <span class='ocrx_word' id='word_1_115' title='bbox 1139 1740 1263 1769; x_wconf 90' lang='lat' dir='ltr'><strong>unum</strong></span> <span class='ocrx_word' id='word_1_116' title='bbox 1294 1725 1402 1769; x_wconf 85' lang='lat' dir='ltr'><strong>ami-</strong></span> 
     </span>
     <span class='ocr_line' id='line_1_20' title="bbox 290 1802 1400 1860; baseline -0.006 -8"><span class='ocrx_word' id='word_1_117' title='bbox 290 1809 410 1852; x_wconf 82' lang='lat' dir='ltr'><strong>citiae</strong></span> <span class='ocrx_word' id='word_1_118' title='bbox 442 1815 482 1851; x_wconf 89' lang='lat' dir='ltr'><strong>et</strong></span> <span class='ocrx_word' id='word_1_119' title='bbox 516 1805 734 1850; x_wconf 83' lang='lat' dir='ltr'><strong>hilaritatis</strong></span> <span class='ocrx_word' id='word_1_120' title='bbox 773 1805 977 1847; x_wconf 83' lang='lat' dir='ltr'><strong>vinculum</strong></span> <span class='ocrx_word' id='word_1_121' title='bbox 1013 1802 1274 1860; x_wconf 87' lang='lat' dir='ltr'><strong>conjunxisse</strong></span> <span class='ocrx_word' id='word_1_122' title='bbox 1304 1816 1400 1845; x_wconf 90' lang='lat' dir='ltr'><strong>om-</strong></span> 
     </span>
     <span class='ocr_line' id='line_1_21' title="bbox 288 1879 1396 1941; baseline -0.005 -13"><span class='ocrx_word' id='word_1_123' title='bbox 288 1900 385 1936; x_wconf 62' lang='lat' dir='ltr'><strong>nes»,</strong></span> <span class='ocrx_word' id='word_1_124' title='bbox 418 1891 623 1941; x_wconf 85' lang='lat' dir='ltr'><strong>quotquot</strong></span> <span class='ocrx_word' id='word_1_125' title='bbox 654 1882 734 1926; x_wconf 85' lang='lat' dir='ltr'><strong>huc</strong></span> <span class='ocrx_word' id='word_1_126' title='bbox 764 1897 811 1926; x_wconf 81' lang='lat' dir='ltr'><strong>ex</strong></span> <span class='ocrx_word' id='word_1_127' title='bbox 843 1881 1035 1925; x_wconf 84' lang='lat' dir='ltr'><strong>omnibus</strong></span> <span class='ocrx_word' id='word_1_128' title='bbox 1071 1880 1234 1925; x_wconf 85' lang='lat' dir='ltr'><strong>Patriae</strong></span> <span class='ocrx_word' id='word_1_129' title='bbox 1257 1879 1396 1937; x_wconf 86' lang='lat' dir='ltr'><strong>regio-</strong></span> 
     </span>
     <span class='ocr_line' id='line_1_22' title="bbox 288 1956 1398 2014; baseline -0.005 -9"><span class='ocrx_word' id='word_1_130' title='bbox 288 1961 411 2005; x_wconf 83' lang='lat' dir='ltr'><strong>nibus</strong></span> <span class='ocrx_word' id='word_1_131' title='bbox 447 1961 759 2011; x_wconf 75' lang='lat' dir='ltr'><strong>confluxerant,</strong></span> <span class='ocrx_word' id='word_1_132' title='bbox 791 1957 890 2001; x_wconf 80' lang='lat' dir='ltr'><strong>mihi</strong></span> <span class='ocrx_word' id='word_1_133' title='bbox 934 1959 1115 2009; x_wconf 77' lang='lat' dir='ltr'><strong>videtur,</strong></span> <span class='ocrx_word' id='word_1_134' title='bbox 1148 1971 1231 2000; x_wconf 88' lang='lat' dir='ltr'><strong>non</strong></span> <span class='ocrx_word' id='word_1_135' title='bbox 1267 1956 1398 2014; x_wconf 82' lang='lat' dir='ltr'><strong>magis</strong></span> 
     </span>
     <span class='ocr_line' id='line_1_23' title="bbox 288 2034 1395 2091; baseline -0.004 -9"><span class='ocrx_word' id='word_1_136' title='bbox 288 2054 376 2082; x_wconf 79' lang='lat' dir='ltr'><strong>esse</strong></span> <span class='ocrx_word' id='word_1_137' title='bbox 410 2039 559 2081; x_wconf 83' lang='lat' dir='ltr'><strong>festum</strong></span> <span class='ocrx_word' id='word_1_138' title='bbox 584 2035 833 2081; x_wconf 77' lang='lat' dir='ltr'><strong>Academiae</strong></span> <span class='ocrx_word' id='word_1_139' title='bbox 868 2043 907 2079; x_wconf 89' lang='lat' dir='ltr'><strong>et</strong></span> <span class='ocrx_word' id='word_1_140' title='bbox 941 2035 1072 2080; x_wconf 86' lang='lat' dir='ltr'><strong>Urbis</strong></span> <span class='ocrx_word' id='word_1_141' title='bbox 1106 2034 1395 2091; x_wconf 84' lang='lat' dir='ltr'><strong>Trajectinae,</strong></span> 
     </span>
     <span class='ocr_line' id='line_1_24' title="bbox 290 2113 776 2173; baseline -0.006 -14"><span class='ocrx_word' id='word_1_142' title='bbox 290 2131 412 2173; x_wconf 84' lang='lat' dir='ltr'><strong>quam</strong></span> <span class='ocrx_word' id='word_1_143' title='bbox 445 2115 571 2158; x_wconf 75' lang='lat' dir='ltr'><strong>totius</strong></span> <span class='ocrx_word' id='word_1_144' title='bbox 601 2113 776 2161; x_wconf 77' lang='lat' dir='ltr'><strong>Patriae.</strong></span> 
     </span>
    </p>

    <p class='ocr_par' dir='ltr' id='par_1_5' title="bbox 285 2186 1391 2401">
     <span class='ocr_line' id='line_1_25' title="bbox 342 2186 1391 2249; baseline -0.005 -14"><span class='ocrx_word' id='word_1_145' title='bbox 342 2192 465 2249; x_wconf 71' lang='lat' dir='ltr'><strong>Quod</strong></span> <span class='ocrx_word' id='word_1_146' title='bbox 499 2192 532 2234; x_wconf 82' lang='lat' dir='ltr'><strong>si</strong></span> <span class='ocrx_word' id='word_1_147' title='bbox 577 2205 676 2234; x_wconf 88' lang='lat' dir='ltr'><strong>vero</strong></span> <span class='ocrx_word' id='word_1_148' title='bbox 712 2190 754 2233; x_wconf 87' lang='lat' dir='ltr'><strong>in</strong></span> <span class='ocrx_word' id='word_1_149' title='bbox 797 2188 1035 2233; x_wconf 80' lang='lat' dir='ltr'><strong>memoriam</strong></span> <span class='ocrx_word' id='word_1_150' title='bbox 1084 2187 1191 2231; x_wconf 81' lang='lat' dir='ltr'><strong>redit</strong></span> <span class='ocrx_word' id='word_1_151' title='bbox 1222 2186 1391 2231; x_wconf 81' lang='lat' dir='ltr'><strong>calami-</strong></span> 
     </span>
     <span class='ocr_line' id='line_1_26' title="bbox 285 2263 1389 2326; baseline -0.005 -14"><span class='ocrx_word' id='word_1_152' title='bbox 285 2277 348 2313; x_wconf 70' lang='lat' dir='ltr'><strong>tas</strong></span> <span class='ocrx_word' id='word_1_153' title='bbox 378 2270 493 2312; x_wconf 66' lang='lat' dir='ltr'><strong>istius</strong></span> <span class='ocrx_word' id='word_1_154' title='bbox 521 2267 745 2326; x_wconf 76' lang='lat' dir='ltr'><strong>temporis,</strong></span> <span class='ocrx_word' id='word_1_155' title='bbox 795 2280 878 2323; x_wconf 82' lang='lat' dir='ltr'><strong>quo</strong></span> <span class='ocrx_word' id='word_1_156' title='bbox 911 2264 1047 2308; x_wconf 83' lang='lat' dir='ltr'><strong>Patria</strong></span> <span class='ocrx_word' id='word_1_157' title='bbox 1079 2263 1389 2322; x_wconf 79' lang='lat' dir='ltr'><strong>peregrinorum</strong></span> 
     </span>
     <span class='ocr_line' id='line_1_27' title="bbox 285 2343 1390 2401; baseline -0.005 -13"><span class='ocrx_word' id='word_1_158' title='bbox 285 2345 568 2389; x_wconf 76' lang='lat' dir='ltr'><strong>dominatione</strong></span> <span class='ocrx_word' id='word_1_159' title='bbox 593 2351 676 2387; x_wconf 80' lang='lat' dir='ltr'><strong>crat</strong></span> <span class='ocrx_word' id='word_1_160' title='bbox 704 2357 933 2401; x_wconf 76' lang='lat' dir='ltr'><strong>oppressa,</strong></span> <span class='ocrx_word' id='word_1_161' title='bbox 965 2356 1069 2398; x_wconf 77' lang='lat' dir='ltr'><strong>quae</strong></span> <span class='ocrx_word' id='word_1_162' title='bbox 1096 2348 1265 2385; x_wconf 78' lang='lat' dir='ltr'><strong>nostrae</strong></span> <span class='ocrx_word' id='word_1_163' title='bbox 1277 2343 1390 2384; x_wconf 60' lang='lat' dir='ltr'><strong>Aca&lt;-</strong></span> 
     </span>
    </p>
   </div>
  </div>
 </body>
</html>
