1492 2896
209 219 250 248 vt
509 209 1023 249 PRAEFATIO.

206 331 258 369 Et
293 330 465 379 profecto
498 343 574 370 non
601 339 728 380 potest
752 342 830 369 non
857 331 1040 380 eJusmodi
1070 330 1238 380 quaestio
1262 331 1324 380 ju-

205 440 464 478 cundissimam
504 439 616 477 simul
653 449 688 476 et
728 440 958 478 uxffissimam
1001 440 1171 487 praebere
1207 440 1324 478 disse-

206 551 308 588 rendi
334 550 535 588 materiem.
590 551 681 588 Non
718 550 813 587 enim
854 561 927 586 uno
967 549 1126 596 quodam
1156 548 1325 586 contine-

206 666 268 696 tur
293 658 526 707 definitoque
550 658 781 706 antiquitatis
809 660 895 696 loco
912 686 926 705 ‚
965 658 1030 696 sed
1060 667 1174 696 totam
1203 657 1326 695 omni-

205 776 256 803 no
282 765 400 814 ipsam
427 767 716 815 complectitur,
752 776 795 804 ut
822 766 920 804 haud
948 765 1058 804 facile
1084 767 1239 805 alterum
1268 778 1327 804 re-

205 871 325 919 perias
350 872 616 920 disputationis
648 884 903 923 argumentum
923 904 935 922 ,
973 877 1075 923 quod
1110 885 1145 914 et
1173 885 1244 913 tam
1273 877 1325 914 la-

208 989 287 1019 tum
315 981 485 1020 exhibeat
512 982 725 1031 laetumque
750 994 920 1032 campum
940 1012 952 1031 ,
986 984 1024 1022 in
1053 996 1129 1032 quo
1156 996 1329 1033 perscru-

209 1087 308 1126 tandi
343 1090 468 1127 studio
499 1089 714 1139 indulgeas,
743 1100 778 1128 et
805 1091 940 1139 pariter
964 1091 1002 1128 in
1029 1091 1207 1128 interiore
1234 1091 1328 1130 anti-

210 1198 350 1246 quitate
372 1197 547 1236 verseris.

265 1307 366 1344 Haec
405 1306 521 1354 igitur
556 1318 667 1345 causa
706 1308 861 1346 maxime
895 1308 996 1355 fuit,
1028 1320 1096 1347 cur
1125 1309 1214 1346 mihi
1242 1310 1332 1347 adeo

213 1416 390 1454 arrideret
413 1415 558 1454 laudata
586 1417 761 1464 quaestio
785 1426 821 1455 et
841 1417 1050 1456 certaminis
1075 1417 1224 1455 ineundi
1245 1430 1335 1467 pro-

213 1526 380 1575 positum
409 1526 533 1564 animo
562 1537 646 1563 meo
675 1527 798 1564 statim
827 1527 979 1564 volvere
1006 1526 1234 1574 inciperem3
1269 1527 1335 1564 sed

213 1636 325 1672 altera
343 1646 429 1672 mox
444 1635 618 1672 accessit.
656 1633 760 1673 Laus
789 1634 1012 1682 honosque,
1035 1634 1335 1682 (fateborenim)

217 1755 310 1791 quae
329 1744 500 1782 comitari
530 1743 607 1782 fere
626 1745 800 1793 juvenem
821 1744 943 1782 solent
969 1756 1011 1783 ex
1034 1744 1337 1794 ejuffluodi.ludo

218 1854 372 1902 palmam
416 1851 549 1890 ceteris
593 1851 841 1889 certatoribus
886 1851 1199 1900 praeripientem,
1241 1852 1337 1890 haud

218 1962 311 2000 levis
338 1961 429 1998 mihi
471 1959 517 1997 ad
549 1959 850 2007 respondendum
884 1958 1058 1998 stimulus
1097 1959 1336 1997 exstiterunt.

220 2072 327 2110 Adeo
365 2081 494 2109 verum
527 2078 610 2116 est,
646 2068 750 2117 quod
785 2068 883 2115 apud
916 2067 1102 2104 Platonem
1133 2064 1268 2114 *effatur
1301 2067 1338 2104 in

221 2181 363 2219 Politia
394 2180 588 2217 Socrates:
655 2205 679 2224 „
696 2177 885 2216 ’Λα-κεῖται
930 2178 971 2216 τὸ
1017 2177 1072 2215 ἀεὶ
1121 2179 1339 2223 τιμώμενον,

223 2292 415 2337 &suia-Text
452 2290 486 2328 δὲ
513 2288 553 2327 τὸ
581 2283 881 2335 ,ἐτιρωιζόμεκν.”

1285 2393 1341 2430 Nc
