1492 2896
286 252 310 287 4
584 237 1095 276 iN'rRoiTUS.

280 350 346 384 ‘vel
384 348 503 383 solum
545 349 645 384 tanta
679 347 823 384 videtur
849 345 1024 383 facultate
1047 348 1297 393 instructum„
1329 356 1366 386 ut
1387 376 1401 395 ,

281 413 457 462 :quamvls
496 415 680 452 hominem
718 417 761 452 ad
798 416 1100 457 communitatem
1124 416 1320 456 ineundam
1350 419 1405 459 ni,-

279 486 340 523 vhil
375 484 724 532 aliudinstigaret,
762 484 793 522 is
835 497 920 533 prae
958 494 1087 527 natura
1126 498 1213 532 sua,
1253 497 1401 524 omnem

289 554 367 592 fere
399 555 634 593 solitudinem
672 563 891 602 aversante,
929 556 1028 592 ultro
1055 556 1211 594 aliorum
1239 557 1336 599 esset
1364 564 1402 601 et

286 624 584 662 communionem
621 633 658 665 et
698 624 891 662 amicitiam
927 625 1179 673 appetiturus.
1247 626 1402 676 „Quod

286 705 396 731 nemo
412 694 471 740 ,’-’Ἰ
497 695 546 731 ait
571 694 741 741 Cicero,
794 696 868 741 „in
902 695 1104 732 solitudine
1144 694 1256 733 vitam
1295 706 1402 744 agere

287 764 399 811 velit,
428 770 473 801 ne
495 775 577 801 cum
603 764 747 802 infinita
774 765 920 812 quidem
948 767 1184 813 voluptatum
1209 764 1402 804 'abundan-

285 835 361 882 tia3
388 835 495 872 facile
524 834 770 883 intelligitur,
810 846 880 873 nos
914 837 959 873 ad
985 835 1284 885 conjunctionem
1311 845 1402 874 con-

285 905 614 953 gregationemque
647 905 838 943 hominum
875 914 909 942 et
937 906 981 943 ad
1006 905 1207 944 naturalem
1234 917 1401 945 commu-

287 975 436 1012 nitatem
462 986 542 1012 esse
569 984 693 1026 natos,
709 995 761 1004 —
801 974 1122 1024 Quemadmodum
1145 962 1402 1023 igitur-mem·

284 1044 361 1081 bris
385 1044 523 1081 utimur
544 1045 649 1092 prius
664 1072 677 1091 ,
703 1056 811 1091 quam
841 1045 1061 1092 didicimus,
1085 1046 1193 1094 cujus
1207 1057 1246 1083 ea
1262 1045 1402 1083 utilita-

285 1114 332 1151 tis
354 1117 467 1152 causa
488 1115 709 1152 habeamus:
739 1115 793 1151 sic
818 1115 1000 1152 internos
1022 1117 1160 1155 ,natura
1182 1115 1225 1152 ad
1248 1114 1398 1153 civilem

283 1185 582 1222 communitatem
612 1184 803 1232 conjuncti
832 1194 867 1222 et
898 1185 1104 1222 consociati
1130 1184 1290 1223 sumus’'
1311 1186 1395 1236 (1).

285 1255 426 1301 Sponte
457 1256 585 1291 nostra
617 1253 829 1292 societatem
859 1241 1004 1291 civilem
1031 1262 1068 1292 et
1093 1253 1395 1303 conjunctionem

283 1323 492 1370 appetimus
511 1351 524 1370 ,
555 1326 701 1373 ,,φυ’σει
721 1327 740 1370 ἡ
763 1326 849 1373 ὁρμὴ
868 1327 903 1364 ἐν
922 1329 1032 1364 πᾶσιν
1061 1326 1118 1364 ἐπὶ
1143 1327 1206 1370 τὴν
1231 1327 1396 1371 τοικύτην

283 1392 484 1433 κοινωνίαν”
508 1393 593 1440 (2).
664 1393 756 1431 Tale
801 1393 889 1441 quid
925 1403 1043 1431 cetera
1081 1394 1278 1433 animantia
1319 1394 1397 1434 fere

281 1463 467 1510 ignorant.
523 1464 675 1501 Coeunt
713 1463 859 1511 quidem
901 1464 971 1501 ista
1007 1475 1048 1501 ac
1086 1464 1396 1513 conjunguntur,

282 1534 347 1570 sed
379 1543 420 1570 ut
454 1532 594 1571 firmam
631 1534 754 1570 ineant
785 1534 1030 1581 stabilemque
1066 1535 1394 1581 communionem,

281 1603 353 1640 hoc
375 1603 469 1650 ipsis
492 1613 619 1641 natura
645 1605 806 1650 negavit.
862 1603 1015 1640 Homini
1043 1611 1183 1641 tantum
1209 1603 1246 1641 id
1267 1605 1392 1641 datum

283 1682 351 1710 est.
410 1673 524 1710 J‘lunc
560 1673 773 1721 participem
815 1673 967 1710 rationis
997 1681 1032 1709 et
1059 1672 1237 1710 orationis
1264 1682 1393 1710 natura

280 1745 324 1781 ad
365 1744 575 1781 diuturnam
618 1752 828 1790 rectamque
867 1743 1062 1780 ineundam
1108 1743 1318 1779 societatem
1358 1751 1394 1779 et

281 1812 496 1850 informavit
536 1814 706 1851 idoneum
742 1822 777 1850 et
815 1825 833 1849 a
876 1812 1004 1860 primis
1043 1813 1127 1850 inde
1160 1811 1392 1860 temporibus

281 1882 538 1920 instimulavit.
594 1883 743 1920 Multus
770 1882 950 1930 imprimis
975 1882 1204 1920 Aristoteles*
1223 1890 1279 1919 est
1299 1882 1336 1919 in
1355 1882 1391 1920 vi

279 1952 454 1990 laudanda
470 1982 482 1999 ,
506 1965 578 2001 qua
606 1954 701 1991 valet
727 1962 854 1991 natura
877 1954 923 1991 ad
948 1952 1133 1990 hominem
1162 1963 1245 1990 cum
1270 1951 1390 1989 homi-

280 2034 326 2060 ne
341 2023 627 2061 consociandum
644 2051 655 2071 ,
681 2032 721 2062 ut
751 2024 840 2061 adeo
866 2025 1044 2064 πολιτικὸν
1063 2025 1142 2073 ζῶον
1165 2021 1235 2072 (3)
1261 2020 1390 2070 suapte

1325 2103 1388 2130 na-

322 2195 371 2233 (1)
388 2194 457 2224 Cio.
478 2195 516 2224 de
535 2196 612 2224 Fin.
634 2193 710 2225 Lib.
729 2191 795 2225 III.
819 2205 846 2225 c.
866 2205 914 2225 201
944 2190 1005 2224 Css'.
1022 2195 1059 2223 (le
1076 2193 1138 2232 Qff.
1159 2192 1236 2223 Lib.
1249 2192 1276 2222 1.
1294 2194 1384 2232 e.4»,

277 2256 305 2278 'Cs
328 2249 374 2278 16.
390 2269 399 2284 2
429 2259 456 2277 C·
476 2248 528 2278 44·

320 2303 366 2339 μ)
386 2303 408 2330 Λ
419 2302 523 2330 ristot.
544 2302 686 2331 Politic.
709 2301 786 2331 Lib.
811 2301 836 2332 1.
863 2312 888 2330 c.
914 2311 942 2331 ι.
966 2298 994 2336 {-
1020 2310 1070 2330 12.
1094 2299 1144 2329 ed.
1168 2299 1322 2331 Schneid·

320 2354 367 2392 (ὃ)
386 2353 405 2382 Ι.
423 2354 443 2381 Ι.
471 2353 543 2382 Lib.
561 2353 585 2382 l.
603 2364 629 2382 c.
649 2364 674 2382 ι.
691 2357 716 2390 §.
734 2365 765 2393 9.
