<?xml version="1.0" encoding="UTF-8"?>
<!DOCTYPE html PUBLIC "-//W3C//DTD XHTML 1.0 Transitional//EN"
    "http://www.w3.org/TR/xhtml1/DTD/xhtml1-transitional.dtd">
<html xmlns="http://www.w3.org/1999/xhtml" xml:lang="en" lang="en">
 <head>
  <title>
</title>
<meta http-equiv="Content-Type" content="text/html;charset=utf-8" />
  <meta name='ocr-system' content='tesseract 3.04.00' />
  <meta name='ocr-capabilities' content='ocr_page ocr_carea ocr_par ocr_line ocrx_word'/>
</head>
<body>
  <div class='ocr_page' id='page_1' title='image "annalesacademiae36acad_0275.png"; bbox 0 0 1492 2896; ppageno 0'>
   <div class='ocr_carea' id='block_1_1' title="bbox 461 234 1197 285">
    <p class='ocr_par' dir='ltr' id='par_1_1' title="bbox 461 234 1197 285">
     <span class='ocr_line' id='line_1_1' title="bbox 461 234 1197 285; baseline -0.011 -1"><span class='ocrx_word' id='word_1_1' title='bbox 461 237 839 285; x_wconf 83' lang='lat' dir='ltr'>ORATIO.</span> <span class='ocrx_word' id='word_1_2' title='bbox 1141 234 1197 276; x_wconf 78' lang='lat'>39</span> 
     </span>
    </p>
   </div>
   <div class='ocr_carea' id='block_1_2' title="bbox 83 376 1192 1513">
    <p class='ocr_par' dir='ltr' id='par_1_2' title="bbox 85 376 1192 822">
     <span class='ocr_line' id='line_1_2' title="bbox 87 376 1192 438; baseline -0.007 -12"><span class='ocrx_word' id='word_1_3' title='bbox 87 394 185 426; x_wconf 87' lang='lat' dir='ltr'>nere</span> <span class='ocrx_word' id='word_1_4' title='bbox 217 379 415 438; x_wconf 83' lang='lat' dir='ltr'>singulari</span> <span class='ocrx_word' id='word_1_5' title='bbox 454 393 554 424; x_wconf 93' lang='lat' dir='ltr'>cura</span> <span class='ocrx_word' id='word_1_6' title='bbox 596 386 636 423; x_wconf 84' lang='lat' dir='ltr'>et</span> <span class='ocrx_word' id='word_1_7' title='bbox 676 378 885 437; x_wconf 81' lang='lat' dir='ltr'>diligentia</span> <span class='ocrx_word' id='word_1_8' title='bbox 925 376 1050 434; x_wconf 86' lang='lat' dir='ltr'>fuisse</span> <span class='ocrx_word' id='word_1_9' title='bbox 1090 388 1192 434; x_wconf 87' lang='lat' dir='ltr'>per-</span> 
     </span>
     <span class='ocr_line' id='line_1_3' title="bbox 86 452 1188 518; baseline -0.005 -18"><span class='ocrx_word' id='word_1_10' title='bbox 86 452 271 504; x_wconf 78' lang='lat' dir='ltr'>functum</span> <span class='ocrx_word' id='word_1_11' title='bbox 305 470 383 515; x_wconf 89' lang='lat' dir='ltr'>per</span> <span class='ocrx_word' id='word_1_12' title='bbox 407 470 478 500; x_wconf 86' lang='lat' dir='ltr'>sex</span> <span class='ocrx_word' id='word_1_13' title='bbox 506 470 658 508; x_wconf 88' lang='lat' dir='ltr'>annos,</span> <span class='ocrx_word' id='word_1_14' title='bbox 691 456 752 518; x_wconf 20' lang='lat' dir='ltr'>ab*</span> <span class='ocrx_word' id='word_1_15' title='bbox 777 469 887 499; x_wconf 91' lang='lat' dir='ltr'>anno</span> <span class='ocrx_word' id='word_1_16' title='bbox 919 457 1034 498; x_wconf 88' lang='grc'>1810</span> <span class='ocrx_word' id='word_1_17' title='bbox 1060 465 1188 508; x_wconf 88' lang='lat' dir='ltr'>usque</span> 
     </span>
     <span class='ocr_line' id='line_1_4' title="bbox 87 530 1190 596; baseline -0.004 -20"><span class='ocrx_word' id='word_1_18' title='bbox 87 532 138 596; x_wconf 80' lang='lat' dir='ltr'>ad</span> <span class='ocrx_word' id='word_1_19' title='bbox 173 546 299 576; x_wconf 84' lang='lat' dir='ltr'>annm</span> <span class='ocrx_word' id='word_1_20' title='bbox 340 534 449 577; x_wconf 84' lang='lat'>1816</span> <span class='ocrx_word' id='word_1_21' title='bbox 471 564 484 586; x_wconf 88' lang='lat'><strong><em>,</em></strong></span> <span class='ocrx_word' id='word_1_22' title='bbox 516 533 657 589; x_wconf 85' lang='lat' dir='ltr'>itaque</span> <span class='ocrx_word' id='word_1_23' title='bbox 687 547 762 591; x_wconf 88' lang='lat' dir='ltr'>per</span> <span class='ocrx_word' id='word_1_24' title='bbox 790 545 913 575; x_wconf 90' lang='lat' dir='ltr'>omne</span> <span class='ocrx_word' id='word_1_25' title='bbox 948 530 1050 574; x_wconf 87' lang='lat' dir='ltr'>illud</span> <span class='ocrx_word' id='word_1_26' title='bbox 1082 536 1190 573; x_wconf 88' lang='lat' dir='ltr'>tem-</span> 
     </span>
     <span class='ocr_line' id='line_1_5' title="bbox 85 605 1188 668; baseline -0.005 -15"><span class='ocrx_word' id='word_1_27' title='bbox 85 623 165 668; x_wconf 80' lang='lat' dir='ltr'>pus</span> <span class='ocrx_word' id='word_1_28' title='bbox 207 609 515 661; x_wconf 87' lang='lat' dir='ltr'>calamitosum,</span> <span class='ocrx_word' id='word_1_29' title='bbox 574 623 657 665; x_wconf 91' lang='lat' dir='ltr'>quo</span> <span class='ocrx_word' id='word_1_30' title='bbox 706 608 920 652; x_wconf 84' lang='lat' dir='ltr'>Gallorum</span> <span class='ocrx_word' id='word_1_31' title='bbox 968 605 1188 666; x_wconf 85' lang='lat' dir='ltr'>oppressio</span> 
     </span>
     <span class='ocr_line' id='line_1_6' title="bbox 86 684 1190 747; baseline -0.002 -19"><span class='ocrx_word' id='word_1_32' title='bbox 86 699 171 747; x_wconf 87' lang='lat' dir='ltr'>non</span> <span class='ocrx_word' id='word_1_33' title='bbox 204 685 332 729; x_wconf 91' lang='lat' dir='ltr'>modo</span> <span class='ocrx_word' id='word_1_34' title='bbox 369 685 558 737; x_wconf 83' lang='lat' dir='ltr'>Patriae,</span> <span class='ocrx_word' id='word_1_35' title='bbox 600 685 673 728; x_wconf 91' lang='lat' dir='ltr'>sed</span> <span class='ocrx_word' id='word_1_36' title='bbox 710 684 833 728; x_wconf 90' lang='lat' dir='ltr'>etiam</span> <span class='ocrx_word' id='word_1_37' title='bbox 869 691 1036 728; x_wconf 90' lang='lat' dir='ltr'>nostrae</span> <span class='ocrx_word' id='word_1_38' title='bbox 1073 684 1190 731; x_wconf 51' lang='lat' dir='ltr'>Aca-2</span> 
     </span>
     <span class='ocr_line' id='line_1_7' title="bbox 87 746 858 822; baseline -0.001 -14"><span class='ocrx_word' id='word_1_39' title='bbox 87 762 246 808; x_wconf 86' lang='lat' dir='ltr'>demiae</span> <span class='ocrx_word' id='word_1_40' title='bbox 278 763 486 808; x_wconf 89' lang='lat' dir='ltr'>interitum</span> <span class='ocrx_word' id='word_1_41' title='bbox 519 770 704 822; x_wconf 87' lang='lat' dir='ltr'>pararet.</span> <span class='ocrx_word' id='word_1_42' title='bbox 821 818 824 820; x_wconf 64' lang='lat'>‚</span> <span class='ocrx_word' id='word_1_43' title='bbox 856 746 858 748; x_wconf 21' lang='grc' dir='ltr'>Ι</span> 
     </span>
    </p>

    <p class='ocr_par' dir='ltr' id='par_1_3' title="bbox 83 838 1191 1513">
     <span class='ocr_line' id='line_1_8' title="bbox 95 838 1191 896; baseline -0.005 -10"><span class='ocrx_word' id='word_1_44' title='bbox 95 858 100 862; x_wconf 73' lang='grc'><strong><em>’</em></strong></span> <span class='ocrx_word' id='word_1_45' title='bbox 141 843 292 886; x_wconf 83' lang='lat' dir='ltr'><strong>Postea</strong></span> <span class='ocrx_word' id='word_1_46' title='bbox 336 848 471 887; x_wconf 88' lang='lat' dir='ltr'>autem</span> <span class='ocrx_word' id='word_1_47' title='bbox 519 840 750 885; x_wconf 88' lang='lat' dir='ltr'>valetudine</span> <span class='ocrx_word' id='word_1_48' title='bbox 793 838 929 888; x_wconf 86' lang='lat' dir='ltr'>minus</span> <span class='ocrx_word' id='word_1_49' title='bbox 982 850 1191 896; x_wconf 72' lang='lat' dir='ltr'>prospera,</span> 
     </span>
     <span class='ocr_line' id='line_1_9' title="bbox 86 915 1190 977; baseline -0.005 -15"><span class='ocrx_word' id='word_1_50' title='bbox 86 925 228 971; x_wconf 87' lang='lat' dir='ltr'>utens,</span> <span class='ocrx_word' id='word_1_51' title='bbox 260 917 442 963; x_wconf 86' lang='lat' dir='ltr'>muneris</span> <span class='ocrx_word' id='word_1_52' title='bbox 464 918 721 962; x_wconf 84' lang='lat' dir='ltr'>vacationem</span> <span class='ocrx_word' id='word_1_53' title='bbox 746 915 1047 977; x_wconf 81' lang='lat' dir='ltr'>honorificam,</span> <span class='ocrx_word' id='word_1_54' title='bbox 1064 928 1190 971; x_wconf 85' lang='lat' dir='ltr'>quam</span> 
     </span>
     <span class='ocr_line' id='line_1_10' title="bbox 85 991 1189 1054; baseline -0.007 -16"><span class='ocrx_word' id='word_1_55' title='bbox 85 994 321 1048; x_wconf 87' lang='lat' dir='ltr'>renuntiato</span> <span class='ocrx_word' id='word_1_56' title='bbox 343 994 459 1049; x_wconf 83' lang='lat' dir='ltr'>omni</span> <span class='ocrx_word' id='word_1_57' title='bbox 481 993 687 1054; x_wconf 85' lang='lat' dir='ltr'>stipendio</span> <span class='ocrx_word' id='word_1_58' title='bbox 706 992 907 1051; x_wconf 87' lang='lat' dir='ltr'>petierat,</span> <span class='ocrx_word' id='word_1_59' title='bbox 940 1003 1050 1035; x_wconf 86' lang='lat' dir='ltr'>anno</span> <span class='ocrx_word' id='word_1_60' title='bbox 1077 991 1189 1032; x_wconf 84' lang='lat'><strong>1822</strong></span> 
     </span>
     <span class='ocr_line' id='line_1_11' title="bbox 84 1064 1191 1129; baseline -0.006 -15"><span class='ocrx_word' id='word_1_61' title='bbox 84 1069 260 1129; x_wconf 86' lang='lat' dir='ltr'>adeptus</span> <span class='ocrx_word' id='word_1_62' title='bbox 293 1076 381 1124; x_wconf 83' lang='lat' dir='ltr'>est3</span> <span class='ocrx_word' id='word_1_63' title='bbox 427 1084 511 1126; x_wconf 93' lang='lat' dir='ltr'>quo</span> <span class='ocrx_word' id='word_1_64' title='bbox 552 1077 690 1113; x_wconf 84' lang='lat' dir='ltr'>tamen</span> <span class='ocrx_word' id='word_1_65' title='bbox 721 1069 807 1112; x_wconf 89' lang='lat' dir='ltr'>otio</span> <span class='ocrx_word' id='word_1_66' title='bbox 850 1082 942 1112; x_wconf 89' lang='lat' dir='ltr'>cum</span> <span class='ocrx_word' id='word_1_67' title='bbox 991 1064 1191 1123; x_wconf 78' lang='lat' dir='ltr'>dignitate</span> 
     </span>
     <span class='ocr_line' id='line_1_12' title="bbox 85 1146 1188 1205; baseline -0.008 -13"><span class='ocrx_word' id='word_1_68' title='bbox 85 1147 138 1203; x_wconf 85' lang='lat' dir='ltr'>ad</span> <span class='ocrx_word' id='word_1_69' title='bbox 162 1154 386 1191; x_wconf 85' lang='lat' dir='ltr'>extremum</span> <span class='ocrx_word' id='word_1_70' title='bbox 417 1146 522 1191; x_wconf 89' lang='lat' dir='ltr'>vitae</span> <span class='ocrx_word' id='word_1_71' title='bbox 552 1146 618 1205; x_wconf 81' lang='lat' dir='ltr'>ita</span> <span class='ocrx_word' id='word_1_72' title='bbox 642 1146 879 1196; x_wconf 82' lang='lat' dir='ltr'>fruebatur,</span> <span class='ocrx_word' id='word_1_73' title='bbox 914 1151 960 1186; x_wconf 89' lang='lat' dir='ltr'>ut</span> <span class='ocrx_word' id='word_1_74' title='bbox 996 1155 1188 1202; x_wconf 81' lang='lat' dir='ltr'>quacun-</span> 
     </span>
     <span class='ocr_line' id='line_1_13' title="bbox 85 1219 1188 1283; baseline -0.007 -15"><span class='ocrx_word' id='word_1_75' title='bbox 85 1239 165 1282; x_wconf 88' lang='lat' dir='ltr'>que</span> <span class='ocrx_word' id='word_1_76' title='bbox 198 1238 243 1268; x_wconf 86' lang='lat' dir='ltr'>re</span> <span class='ocrx_word' id='word_1_77' title='bbox 275 1230 417 1283; x_wconf 88' lang='lat' dir='ltr'>posset</span> <span class='ocrx_word' id='word_1_78' title='bbox 446 1223 697 1267; x_wconf 82' lang='lat' dir='ltr'>Academiae</span> <span class='ocrx_word' id='word_1_79' title='bbox 735 1220 967 1266; x_wconf 86' lang='lat' dir='ltr'>commodis</span> <span class='ocrx_word' id='word_1_80' title='bbox 1008 1219 1188 1262; x_wconf 85' lang='lat' dir='ltr'>inservi-</span> 
     </span>
     <span class='ocr_line' id='line_1_14' title="bbox 83 1298 1190 1358; baseline -0.008 -12"><span class='ocrx_word' id='word_1_81' title='bbox 83 1316 157 1354; x_wconf 84' lang='lat' dir='ltr'>re,</span> <span class='ocrx_word' id='word_1_82' title='bbox 200 1300 414 1358; x_wconf 90' lang='lat' dir='ltr'>juvenibus</span> <span class='ocrx_word' id='word_1_83' title='bbox 444 1315 489 1344; x_wconf 84' lang='lat' dir='ltr'>re</span> <span class='ocrx_word' id='word_1_84' title='bbox 524 1307 563 1345; x_wconf 91' lang='lat' dir='ltr'>et</span> <span class='ocrx_word' id='word_1_85' title='bbox 597 1299 770 1343; x_wconf 89' lang='lat' dir='ltr'>consilio</span> <span class='ocrx_word' id='word_1_86' title='bbox 807 1298 1033 1358; x_wconf 85' lang='lat' dir='ltr'>prodesse,</span> <span class='ocrx_word' id='word_1_87' title='bbox 1093 1309 1190 1339; x_wconf 80' lang='lat' dir='ltr'>om·-</span> 
     </span>
     <span class='ocr_line' id='line_1_15' title="bbox 84 1359 1191 1437; baseline -0.007 -14"><span class='ocrx_word' id='word_1_88' title='bbox 84 1379 286 1436; x_wconf 90' lang='lat' dir='ltr'>nibusque</span> <span class='ocrx_word' id='word_1_89' title='bbox 329 1378 440 1422; x_wconf 85' lang='lat' dir='ltr'>Civis</span> <span class='ocrx_word' id='word_1_90' title='bbox 493 1376 640 1437; x_wconf 88' lang='lat' dir='ltr'>optimi</span> <span class='ocrx_word' id='word_1_91' title='bbox 691 1383 816 1433; x_wconf 86' lang='lat' dir='ltr'>atque</span> <span class='ocrx_word' id='word_1_92' title='bbox 872 1359 1034 1418; x_wconf 80' lang='lat' dir='ltr'>virtutis</span> <span class='ocrx_word' id='word_1_93' title='bbox 1094 1388 1191 1425; x_wconf 81' lang='lat' dir='ltr'>vere-</span> 
     </span>
     <span class='ocr_line' id='line_1_16' title="bbox 86 1449 1099 1513; baseline -0.006 -13"><span class='ocrx_word' id='word_1_94' title='bbox 86 1455 343 1500; x_wconf 86' lang='lat' dir='ltr'>Christianae</span> <span class='ocrx_word' id='word_1_95' title='bbox 371 1469 458 1500; x_wconf 88' lang='lat' dir='ltr'>esse</span> <span class='ocrx_word' id='word_1_96' title='bbox 495 1455 725 1513; x_wconf 85' lang='lat' dir='ltr'>exemplum</span> <span class='ocrx_word' id='word_1_97' title='bbox 757 1467 841 1496; x_wconf 91' lang='lat' dir='ltr'>non</span> <span class='ocrx_word' id='word_1_98' title='bbox 877 1449 1058 1494; x_wconf 86' lang='lat' dir='ltr'>desierit.</span> <span class='ocrx_word' id='word_1_99' title='bbox 1097 1471 1099 1473; x_wconf 96' lang='lat'>·</span> 
     </span>
    </p>
   </div>
   <div class='ocr_carea' id='block_1_3' title="bbox 81 1603 1189 2358">
    <p class='ocr_par' dir='ltr' id='par_1_4' title="bbox 81 1603 1189 2358">
     <span class='ocr_line' id='line_1_17' title="bbox 140 1603 1185 1663; baseline -0.01 -8"><span class='ocrx_word' id='word_1_100' title='bbox 140 1609 312 1655; x_wconf 87' lang='lat' dir='ltr'>Utinam</span> <span class='ocrx_word' id='word_1_101' title='bbox 344 1616 522 1652; x_wconf 90' lang='lat' dir='ltr'>vestrum</span> <span class='ocrx_word' id='word_1_102' title='bbox 547 1607 747 1653; x_wconf 83' lang='lat' dir='ltr'>Ordinem</span> <span class='ocrx_word' id='word_1_103' title='bbox 766 1639 776 1658; x_wconf 84' lang='grc'>,</span> <span class='ocrx_word' id='word_1_104' title='bbox 792 1607 972 1650; x_wconf 85' lang='lat' dir='ltr'>Juvenes</span> <span class='ocrx_word' id='word_1_105' title='bbox 1001 1603 1185 1663; x_wconf 83' lang='lat' dir='ltr'>Optimi!</span> 
     </span>
     <span class='ocr_line' id='line_1_18' title="bbox 82 1666 1186 1744; baseline -0.006 -15"><span class='ocrx_word' id='word_1_106' title='bbox 82 1686 287 1744; x_wconf 83' lang='lat' dir='ltr'>integrum</span> <span class='ocrx_word' id='word_1_107' title='bbox 310 1686 549 1742; x_wconf 88' lang='lat' dir='ltr'>salvumque</span> <span class='ocrx_word' id='word_1_108' title='bbox 575 1685 754 1729; x_wconf 78' lang='lat' dir='ltr'>salutare</span> <span class='ocrx_word' id='word_1_109' title='bbox 784 1683 943 1742; x_wconf 88' lang='lat' dir='ltr'>possim</span> <span class='ocrx_word' id='word_1_110' title='bbox 961 1714 973 1736; x_wconf 88' lang='lat'>,</span> <span class='ocrx_word' id='word_1_111' title='bbox 1005 1666 1078 1725; x_wconf 90' lang='lat' dir='ltr'>sed</span> <span class='ocrx_word' id='word_1_112' title='bbox 1092 1679 1186 1722; x_wconf 86' lang='lat' dir='ltr'>licet</span> 
     </span>
     <span class='ocr_line' id='line_1_19' title="bbox 84 1742 1185 1820; baseline -0.006 -14"><span class='ocrx_word' id='word_1_113' title='bbox 84 1776 217 1820; x_wconf 88' lang='lat' dir='ltr'>pauca</span> <span class='ocrx_word' id='word_1_114' title='bbox 249 1761 492 1806; x_wconf 80' lang='lat' dir='ltr'>sunerahic</span> <span class='ocrx_word' id='word_1_115' title='bbox 523 1776 652 1805; x_wconf 87' lang='lat' dir='ltr'>annus</span> <span class='ocrx_word' id='word_1_116' title='bbox 694 1760 854 1811; x_wconf 76' lang='lat' dir='ltr'>tulerit,</span> <span class='ocrx_word' id='word_1_117' title='bbox 905 1742 1185 1817; x_wconf 16' lang='lat' dir='ltr'>nullis—tamen¹</span> 
     </span>
     <span class='ocr_line' id='line_1_20' title="bbox 87 1834 1188 1896; baseline -0.005 -14"><span class='ocrx_word' id='word_1_118' title='bbox 87 1837 352 1889; x_wconf 83' lang='lat' dir='ltr'>Ordini,nee</span> <span class='ocrx_word' id='word_1_119' title='bbox 378 1838 502 1882; x_wconf 87' lang='lat' dir='ltr'>aetati</span> <span class='ocrx_word' id='word_1_120' title='bbox 529 1852 643 1881; x_wconf 85' lang='lat' dir='ltr'>mors</span> <span class='ocrx_word' id='word_1_121' title='bbox 669 1836 869 1896; x_wconf 81' lang='lat' dir='ltr'>pepercit.</span> <span class='ocrx_word' id='word_1_122' title='bbox 897 1859 951 1868; x_wconf 88' lang='lat'>-—</span> <span class='ocrx_word' id='word_1_123' title='bbox 982 1834 1188 1891; x_wconf 77' lang='lat' dir='ltr'>Egregios.</span> 
     </span>
     <span class='ocr_line' id='line_1_21' title="bbox 85 1912 1189 1969; baseline -0.005 -11"><span class='ocrx_word' id='word_1_124' title='bbox 85 1915 192 1959; x_wconf 88' lang='lat' dir='ltr'>enim</span> <span class='ocrx_word' id='word_1_125' title='bbox 225 1915 429 1969; x_wconf 87' lang='lat' dir='ltr'>Juvenes,</span> <span class='ocrx_word' id='word_1_126' title='bbox 482 1915 673 1969; x_wconf 90' lang='lat' dir='ltr'>Pabst,</span> <span class='ocrx_word' id='word_1_127' title='bbox 721 1921 761 1957; x_wconf 83' lang='lat' dir='ltr'>et</span> <span class='ocrx_word' id='word_1_128' title='bbox 799 1927 892 1958; x_wconf 87' lang='lat' dir='ltr'>van</span> <span class='ocrx_word' id='word_1_129' title='bbox 927 1912 1059 1960; x_wconf 81' lang='lat' dir='ltr'>Rees</span> <span class='ocrx_word' id='word_1_130' title='bbox 1100 1918 1189 1954; x_wconf 87' lang='lat' dir='ltr'>tum</span> 
     </span>
     <span class='ocr_line' id='line_1_22' title="bbox 83 1987 1185 2047; baseline -0.004 -12"><span class='ocrx_word' id='word_1_131' title='bbox 83 2006 246 2036; x_wconf 89' lang='lat' dir='ltr'>morum</span> <span class='ocrx_word' id='word_1_132' title='bbox 273 1992 511 2045; x_wconf 87' lang='lat' dir='ltr'>honestate,</span> <span class='ocrx_word' id='word_1_133' title='bbox 542 1999 629 2036; x_wconf 84' lang='lat' dir='ltr'>tum</span> <span class='ocrx_word' id='word_1_134' title='bbox 657 1989 814 2035; x_wconf 83' lang='lat' dir='ltr'>eximiis</span> <span class='ocrx_word' id='word_1_135' title='bbox 838 1989 992 2047; x_wconf 88' lang='lat' dir='ltr'>ingenii</span> <span class='ocrx_word' id='word_1_136' title='bbox 1017 1987 1185 2032; x_wconf 86' lang='lat' dir='ltr'>dotibus</span> 
     </span>
     <span class='ocr_line' id='line_1_23' title="bbox 84 2066 1187 2126; baseline -0.006 -13"><span class='ocrx_word' id='word_1_137' title='bbox 84 2069 189 2113; x_wconf 88' lang='lat' dir='ltr'>adeo</span> <span class='ocrx_word' id='word_1_138' title='bbox 219 2069 485 2122; x_wconf 86' lang='lat' dir='ltr'>excellentes,</span> <span class='ocrx_word' id='word_1_139' title='bbox 516 2074 560 2111; x_wconf 87' lang='lat' dir='ltr'>ut</span> <span class='ocrx_word' id='word_1_140' title='bbox 591 2067 792 2126; x_wconf 86' lang='lat' dir='ltr'>optimam</span> <span class='ocrx_word' id='word_1_141' title='bbox 821 2073 860 2110; x_wconf 89' lang='lat' dir='ltr'>et</span> <span class='ocrx_word' id='word_1_142' title='bbox 891 2066 1116 2110; x_wconf 75' lang='lat' dir='ltr'>Parentum</span> <span class='ocrx_word' id='word_1_143' title='bbox 1146 2071 1187 2108; x_wconf 85' lang='lat' dir='ltr'>et</span> 
     </span>
     <span class='ocr_line' id='line_1_24' title="bbox 81 2141 1186 2203; baseline -0.005 -13"><span class='ocrx_word' id='word_1_144' title='bbox 81 2147 405 2203; x_wconf 82' lang='lat' dir='ltr'>Praeceptorum</span> <span class='ocrx_word' id='word_1_145' title='bbox 448 2159 567 2203; x_wconf 89' lang='lat' dir='ltr'>spem</span> <span class='ocrx_word' id='word_1_146' title='bbox 601 2151 640 2188; x_wconf 87' lang='lat' dir='ltr'>et</span> <span class='ocrx_word' id='word_1_147' title='bbox 675 2143 1024 2203; x_wconf 83' lang='lat' dir='ltr'>exspectationem</span> <span class='ocrx_word' id='word_1_148' title='bbox 1062 2141 1113 2186; x_wconf 88' lang='lat' dir='ltr'>de</span> <span class='ocrx_word' id='word_1_149' title='bbox 1142 2155 1186 2184; x_wconf 86' lang='lat' dir='ltr'>se</span> 
     </span>
     <span class='ocr_line' id='line_1_25' title="bbox 86 2217 1189 2275; baseline -0.005 -9"><span class='ocrx_word' id='word_1_150' title='bbox 86 2222 396 2275; x_wconf 84' lang='lat' dir='ltr'>excitavissent,</span> <span class='ocrx_word' id='word_1_151' title='bbox 429 2237 449 2265; x_wconf 91' lang='lat' dir='ltr'>e</span> <span class='ocrx_word' id='word_1_152' title='bbox 472 2222 608 2266; x_wconf 84' lang='lat' dir='ltr'>medio</span> <span class='ocrx_word' id='word_1_153' title='bbox 644 2220 876 2265; x_wconf 81' lang='lat' dir='ltr'>studiorum</span> <span class='ocrx_word' id='word_1_154' title='bbox 914 2234 1039 2264; x_wconf 71' lang='lat' dir='ltr'>emsa</span> <span class='ocrx_word' id='word_1_155' title='bbox 1081 2217 1189 2263; x_wconf 58' lang='lat' dir='ltr'>sub„</span> 
     </span>
     <span class='ocr_line' id='line_1_26' title="bbox 89 2300 424 2358; baseline 0.003 -16"><span class='ocrx_word' id='word_1_156' title='bbox 89 2300 196 2350; x_wconf 85' lang='lat' dir='ltr'>latos</span> <span class='ocrx_word' id='word_1_157' title='bbox 223 2301 424 2358; x_wconf 81' lang='lat' dir='ltr'>lugemus.</span> 
     </span>
    </p>
   </div>
  </div>
 </body>
</html>
