1492 2896
323 229 442 268 PHIL
448 227 714 272 OSOPHICO
724 230 1061 278 -VHISTORIC'A,
1203 246 1254 292 99

132 346 209 375 non
234 338 400 375 omnium
427 339 620 378 civitatum
641 342 798 383 historia
824 345 961 394 pariter
984 348 1136 395 probari
1159 362 1250 399 poss

129 406 204 452 sit,
236 416 335 444 certe
361 419 438 446 non
476 409 526 448 ita
556 412 767 460 perspicue.
831 416 1030 456 Attendam
1060 419 1198 458 iccirco
1225 429 1246 460 e

129 477 268 514 Dorico
288 478 378 516 orbe
401 492 506 518 unam
532 482 871 532 Lacedaemonem,
897 498 942 526 ex
965 488 1098 528 lonico
1121 491 1246 531 Athea

124 557 204 583 nas.
261 548 463 588 Romanam
497 552 681 591 civitatem
717 556 913 603 separatim
941 558 1032 597 item
1056 561 1240 602 tractabm

125 614 217 653 Rem
246 617 358 666 igitur
385 620 613 667 explicemus

631 785 668 832 §-
703 797 738 823 1.

318 927 385 966 Ex
413 933 594 981 antiquae
625 930 807 972 Politicae
830 937 1041 989 principiis

168 1066 319 1109 Dictum
345 1083 426 1122 est,
451 1087 524 1123 qua
550 1081 755 1118 reverentia
770 1083 958 1130 prosecuti
978 1084 1122 1133 antiqui
1140 1080 1240 1135 leges

117 1137 156 1175 in
182 1139 331 1179 civitate
354 1141 521 1194 fuerint,
549 1156 591 1185 ut
618 1150 736 1197 legem
762 1159 936 1200 tanquam
961 1153 1145 1194 dominam
1171 1156 1242 1195 im-

117 1221 243 1257 perare
278 1213 350 1250 sibi
380 1214 556 1254 facillime
590 1228 816 1266 paterentur.
871 1216 983 1261 Valet
1014 1232 1134 1263 autem
1166 1226 1239 1265 hod

117 1279 164 1317 de
190 1281 330 1328 optima
358 1284 522 1330 gentium
546 1297 676 1327 aetate.
732 1290 800 1329 Uti
829 1293 925 1331 enim
951 1294 1161 1344 antiquitus
1189 1298 1240 1335 le-

117 1360 181 1397 ges
203 1353 368 1390 moribus
395 1365 495 1393 erant
525 1356 627 1394 nisae
655 1367 692 1396 et
716 1361 834 1399 veluti
859 1373 1134 1411 superstructae'
1151 1395 1164 1414 ,
1185 1367 1239 1405 ita

116 1428 218 1466 patet
256 1421 468 1470 vigentibus
507 1428 675 1465 moribus
712 1429 879 1477 viguisse
911 1433 997 1471 item
1032 1435 1237 1485 civitatem

117 1490 236 1529 cultas
267 1490 388 1531 fuisse
415 1495 530 1543 leges.
586 1497 687 1536 Tum
720 1501 816 1538 enim
844 1501 961 1541 inerat
987 1504 1128 1544 civium
1161 1507 1239 1545 ani-

118 1559 188 1597 mis
206 1589 218 1607 ,
247 1573 323 1609 quo
349 1565 393 1602 ad
418 1566 541 1617 legum
577 1570 838 1611 ἐθελοδουλείοιν
871 1576 1126 1621 praestandam
1172 1582 1238 1615 sua

117 1640 252 1677 sponte
278 1633 521 1682 ducerentur;
551 1645 629 1675 tum
666 1640 845 1687 explicata
879 1652 955 1680 erat
988 1644 1044 1681 vis
1070 1645 1237 1686 virtutis.

118 1700 214 1739 Nam
247 1702 278 1740 si
307 1706 392 1750 quis
417 1706 533 1752 proba
555 1707 665 1746 animi
692 1709 815 1747 indole
835 1712 1043 1759 probisque
1069 1715 1237 1754 moribus

119 1780 200 1808 sese
221 1776 480 1822 commendat,
519 1777 643 1825 legum
675 1779 869 1817 servitium
900 1791 976 1818 non
1001 1784 1133 1821 tolerat
1159 1793 1239 1822 tan-

120 1847 228 1888 tum,
267 1844 331 1880 sed
361 1845 465 1882 etiam
498 1855 672 1894 tanquam
714 1859 800 1886 suae
837 1859 873 1887 et
910 1843 1072 1889 civitatis
1106 1853 1236 1891 salutis

120 1911 341 1958 praesidium
381 1915 517 1976 diligit.
589 1916 742 1955 Infixarn
784 1926 917 1968 nempe
963 1921 1086 1959 animo
1126 1923 1238 1963 habet

118 1979 443 2029 immutatumque,
474 1992 580 2031 quam
613 1998 633 2023 a
660 1996 788 2025 natura
811 1991 952 2038 accepit
970 2019 983 2038 ,
1008 1995 1092 2032 αἰδῶ
1113 2002 1154 2039 τε
1175 1997 1235 2034 axi

122 2053 233 2097 δίκην.
291 2053 456 2101 Utraque
494 2055 539 2091 ad
576 2059 757 2104 praeclara
796 2060 918 2097 omnia
951 2072 1032 2099 eum
1070 2063 1237 2102 excitant

118 2122 405 2171 impelluntque.
447 2125 561 2163 Suum
591 2127 704 2173 igitur
729 2115 1061 2176 cuique'lubenter
1081 2132 1239 2178 tribuit,

123 2192 316 2229 amicitiam
344 2205 428 2231 cum
458 2195 605 2233 civibus
638 2198 716 2235 suis
749 2198 923 2246 religiose
962 2211 1110 2249 servat,
1146 2214 1237 2241 con:

121 2262 268 2301 cordiae
291 2273 347 2301 est
371 2265 671 2304 studiosissimus
686 2295 699 2313 ‚
736 2268 1034 2317 quandoquidem
1053 2299 1066 2318 ‚
1092 2271 1125 2308 si
1151 2273 1236 2320 quis

122 2331 243 2379 alius,
272 2332 343 2370 sibi
378 2333 488 2372 habet
525 2335 631 2382 plane
668 2347 913 2383 persuasum,
951 2338 1030 2377 sine
1068 2340 1134 2377 hac
1170 2345 1237 2378 nec

633 2404 671 2443 G
700 2418 722 2443 a
1173 2411 1240 2447 do-
