1492 2896
284 226 329 273 36
681 223 1000 274 DISQUISITIO

780 417 818 462 §-
858 428 894 464 3·

390 579 449 617 Dc
476 589 618 618 natura
644 581 763 630 legum
789 582 830 618 in
855 580 1071 619 civitatibus
1097 582 1282 632 antiquis.

335 734 452 772 Hisce
489 735 832 783 quomodocunque
863 736 1007 773 tandem
1037 735 1269 783 explanatis,
1301 745 1400 783 ‘con-

274 796 489 852 templanda
520 803 631 842 nobis
659 812 715 841 est
738 815 822 841 vera
846 805 967 851 legum
998 805 1097 851 apud
1120 813 1265 841 veteres
1292 803 1399 851 ipsos

279 872 401 920 ratio,
441 882 480 911 ut
514 873 627 910 simul
652 873 737 911 inde
761 881 954 922 appareat,
991 881 1174 920 quatenus
1204 873 1249 912 ad
1273 864 1400 921 leges,

282 954 377 991 quae
409 943 559 991 proprie
597 944 668 982 hoc
703 943 855 981 nomine
889 944 1075 981 vocandae
1109 952 1227 990 sunt,
1255 954 1402 981 accom-

282 1013 448 1050 modatae
466 1012 623 1051 fuerint.
663 1013 732 1052 Uti
757 1012 871 1062 igitur
884 1014 1106 1060 plerumque
1118 1013 1216 1060 apud
1230 1012 1399 1050 rudiores

280 1092 408 1130 gentes
432 1083 579 1122 obtinet
593 1111 605 1129 ‚
632 1083 664 1121 is
683 1083 889 1131 antiquitus
910 1083 987 1121 fere
1006 1091 1176 1130 receptus
1198 1091 1272 1119 erat
1289 1092 1399 1127 mos,

247 1137 249 1139 ‚
280 1163 320 1190 ut
354 1155 452 1202 leges
483 1164 561 1191 non
594 1152 737 1200 scripto
771 1152 1050 1199 mandarentur,
1086 1152 1152 1188 sed
1182 1151 1396 1188 memoriae.

279 1224 398 1260 Erant
422 1227 542 1273 ῥῆτραι
564 1222 645 1260 sive
668 1222 799 1260 breves
826 1230 862 1259 et
888 1233 1018 1270 graves
1047 1220 1273 1266 sententiae,
1298 1231 1393 1267 quas

278 1293 382 1341 pueri
409 1292 486 1330 fere
512 1292 747 1337 ediscebant,
776 1300 818 1329 ut
845 1292 914 1329 viri
943 1292 1113 1338 cognitas
1139 1290 1393 1328 observarent.

281 1363 402 1400 Scribi
424 1371 545 1400 autem
571 1372 648 1400 turn
671 1364 815 1400 demum
843 1362 940 1410 leges
966 1360 1151 1409 incipiunt
1171 1387 1184 1408 ,
1208 1371 1321 1408 quum
1350 1360 1395 1397 ad

280 1433 454 1482 majorem
478 1432 620 1470 cultum
649 1443 689 1469 ac
718 1433 982 1469 humanitatem
1013 1430 1178 1478 populus
1209 1428 1394 1478 pervenit.

278 1503 515 1542 Exstiterunt
549 1502 599 1539 ita
629 1510 759 1550 postea
792 1502 891 1550 apud
921 1500 1169 1538 Athenienses
1193 1511 1278 1537 cum
1303 1496 1399 1537 Dra-⁷

278 1573 410 1618 conis,
448 1582 525 1610 tum
561 1583 650 1609 vero
683 1571 835 1609 Solonis
860 1572 984 1617 leges,
1007 1571 1106 1618 apud
1128 1570 1319 1607 Romanos
1345 1571 1398 1607 le-

279 1654 342 1691 ges
365 1642 433 1680 XII
462 1642 690 1687 tabularum,
720 1653 738 1679 a
764 1640 993 1678 Decemviris
1019 1640 1163 1689 legibus
1187 1639 1395 1678 scribendis

279 1712 446 1750 collatae.
501 1711 613 1749 Missi
649 1710 687 1748 hi
720 1712 885 1749 Athenas
914 1720 1003 1748 sunt
1032 1711 1254 1760 „jussique
1277 1711 1396 1748 inclu-

279 1791 334 1819 tas
371 1781 470 1830 leges
510 1781 657 1819 Solonis
700 1781 909 1819 describere
952 1791 988 1818 et
1026 1781 1177 1819 aliarum
1214 1781 1395 1818 Graeciae

277 1851 468 1890 civitatum
507 1851 704 1897 instituta,
744 1862 866 1888 mores
897 1851 1053 1899 juraque
1091 1850 1269 1888 nosce1·c'’
1304 1849 1392 1899 (1).

277 1921 470 1971 Quatenus
494 1933 583 1958 vero
611 1921 662 1958 illi
690 1921 726 1958 id
754 1920 984 1969 peregerint,
1013 1921 1083 1958 sub
1105 1920 1230 1969 judice
1249 1920 1294 1957 lis
1317 1929 1389 1958 est.

278 1992 392 2030 Certe
423 2000 510 2041 post
544 1989 616 2028 hoc
650 2000 796 2040 tempus
830 1992 978 2039 scriptis
1012 1990 1156 2039 legibus
1183 1991 1234 2028 uti
1257 2001 1392 2038 coepe-

275 2070 363 2098 runt
395 2061 580 2108 Romani,
616 2072 729 2109 quum
755 2062 841 2098 olim
870 2073 1011 2098 summa
1035 2061 1130 2110 juris
1155 2060 1298 2097 dicendi
1322 2073 1390 2108 po·-

275 2138 389 2168 testas
428 2142 540 2179 penes
579 2131 682 2168 solos
720 2131 897 2169 Patricios
934 2141 969 2168 et
1004 2130 1202 2169 Pontifices
1237 2128 1387 2169 fuisset.

276 2200 391 2237 Multi
428 2209 515 2237 sunt
547 2200 689 2249 antiqui
726 2201 761 2237 in
795 2201 983 2237 laudandis
1011 2199 1081 2237 XiI
1106 2199 1310 2238 tabularum
1337 2201 1388 2237 le-

1333 2279 1386 2316 3¹-

319 2344 366 2382 (ι)
393 2343 464 2374 Liv.
487 2345 577 2373 Hist.
601 2342 679 2373 Lib.
702 2342 767 2373 111.
787 2354 814 2373 c.
831 2343 881 2375 δι.
