1492 2896
234 228 255 262 (³
458 223 1095 266 {NTRODUCTIO⁸

285 333 388 371 Licet
422 333 557 380 igitur,
581 344 655 368 mea
685 332 806 369 saltem
842 333 1045 378 sententia,
1080 333 1220 369 nullum
1247 332 1326 378 sit,

235 401 382 452 proprie
406 400 456 437 ita
478 400 613 438 dictum
631 428 643 446 ,
661 409 821 447 systema
835 428 848 446 ‚
862 407 980 436 tan'i'en
1003 401 1067 439 hac
1093 401 1130 438 in
1154 412 1192 438 re
1213 400 1330 438 homi-

238 483 324 509 num
361 481 476 517 genus
500 470 660 506 accusari
697 480 773 506 non
803 478 970 517 potest-s
1002 471 1107 517 quasi
1142 481 1218 509 non
1249 480 1330 508 ten·

239 549 350 580 tasset
383 548 580 588 systemata
604 538 813 586 conficere3
842 547 900 576 tot
915 539 1017 577 ‘enim
1033 547 1122 577 sunt
1147 524 1300 578 numero
1317 568 1332 587 ,

243 618 284 646 ut
315 608 378 645 vix
403 608 584 645 numerari
621 607 791 657 possint3
834 608 1027 656 quamvis,
1047 608 1085 647 ‘si
1117 620 1241 647 revera
1276 611 1338 647 ad-

242 686 366 723 esset,
393 677 541 714 unicum
567 685 708 715 tantum
739 688 820 715 esse
845 678 1009 716 deberet.
1066 678 1141 718 Sed
1179 678 1338 716 fortasse

239 745 420 793 quispiam
456 745 577 793 dicat,
613 746 725 784 variis
763 747 884 784 modis
920 747 1120 795 benexfit,
1164 756 1201 785 et
1236 749 1339 795 'quod

239 813 439 862 scriptores
463 814 529 852 hac
562 816 606 852 de
634 826 674 852 re
695 826 772 853 non
805 817 1153 865 conveniuntyhoc
1174 818 1339 856 nondum

243 885 377 932 probat
414 884 556 922 nullum
597 884 725 922 adesse
767 894 927 933 systema
942 915 957 934 ‚
1009 888 1111 925 nulla
1147 886 1241 925 enim
1289 897 1345 927 est

245 953 396 1003 scientia
426 954 472 991 de
509 965 581 1001 qua
612 964 688 991 non
721 954 937 994 dissentiant
965 965 1150 995 auctores.
1176 979 1228 988 --
1253 956 1344 995 Non

246 1023 368 1072 longis
394 1024 482 1061 mihi
510 1034 607 1072 opus
631 1032 688 1061 est
722 1025 1263 1073 argumentationibus,'modo
1290 1026 1348 1063 in⁶

246 1093 442 1141 spiciamus
476 1093 577 1140 ipsas
614 1093 869 1142 organicorum
901 1106 1100 1142 corporum
1126 1094 1344 1134 divisiones.

246 1163 407 1200 Primum
445 1163 566 1208 enim,
595 1161 656 1199 illa
688 1161 904 1201 dividuntur
930 1163 968 1201 in
993 1164 1157 1202 animalia
1179 1173 1216 1202 et
1242 1165 1345 1213 plan-

248 1242 317 1270 tas.
364 1231 444 1281 Jam
474 1231 596 1269 statim
620 1232 656 1268 in
679 1231 923 1278 gravissimam
945 1232 1139 1270 incidimus
1163 1233 1351 1281 quaestio·

252 1312 357 1347 uem,
383 1311 539 1347 nempe,
568 1301 650 1347 quis
672 1300 729 1338 'sit
764 1302 939 1348 generalis
968 1303 1179 1348 character,
1203 1301 1267 1350 qui
1301 1304 1347 1341 de

253 1370 413 1408 omnibus
438 1370 533 1407 valet
548 1398 561 1416 ‚
589 1381 667 1416 quo
691 1369 856 1408 animalia
874 1382 895 1407 a
914 1371 1049 1418 plantis
1078 1372 1235 1409 discerni
1257 1384 1346 1420 pos·

251 1439 352 1484 sint,
382 1450 492 1486 quare
521 1440 582 1475 vix
601 1438 766 1476 definitio
792 1440 954 1476 animalis
981 1441 1055 1477 dari
1078 1450 1214 1488 potest.
1241 1442 1349 1480 Non·

251 1508 343 1545 nulli
375 1508 521 1555 quidem
557 1509 600 1545 de
632 1509 843 1557 interregno
880 1509 1133 1557 somniarunt,
1180 1512 1244 1549 sed
1278 1512 1349 1550 hoc

252 1576 496 1614 difficultatem
524 1577 658 1613 hancce
683 1577 796 1624 magis
824 1588 930 1626 auget
946 1591 1051 1626 quam
1082 1580 1238 1626 minuit,
1267 1592 1349 1619 nam

257 1646 321 1682 ubi
359 1644 501 1683 initium
533 1645 621 1682 iilud
656 1645 927 1693 interregnum,
957 1647 1020 1685 ubi
1045 1648 1150 1685 finem
1173 1650 1350 1689 habebit?

257 1715 398 1752 Deinde
426 1715 591 1752 animalia
630 1727 648 1752 a
668 1722 669 1725 ’
689 1716 900 1753 Linnaeo
941 1717 1196 1756 dividebantur
1229 1719 1266 1756 in
1289 1731 1353 1758 sex

255 1786 415 1829 classes,
444 1783 554 1820 hodie
583 1794 673 1821 vero
708 1786 923 1832 plerumnque
958 1786 994 1825 in
1028 1799 1186 1833 quatuor
1211 1798 1352 1836 typus3

257 1855 320 1892 sed
336 1853 464 1908 iterum
485 1863 620 1900 quaero
636 1880 649 1899 ,
675 1855 792 1900 qualis
815 1856 863 1892 sit
880 1855 1053 1901 generalis
1065 1857 1247 1894 character
1265 1858 1356 1895 clas-

259 1924 310 1961 sis
334 1924 511 1961 vermium
537 1921 635 1960 Lin
649 1933 705 1960 na
719 1923 762 1961 ei
783 1932 856 1961 aut
870 1926 1088 1963 animalium
1109 1927 1357 1976 gelatinorum

260 1992 292 2028 C
312 2004 333 2028 u
349 1991 394 2028 vi
410 2003 428 2028 e
442 1991 540 2029 rii?
570 1991 631 2032 Ex
650 1991 706 2029 his
732 1992 843 2040 igitur
866 2003 988 2041 patet,
1015 1996 1329 2035 classificationem
1344 2025 1358 2045 ‚

262 2070 337 2096 non
364 2068 497 2098 certam
537 2069 572 2098 et
599 2060 782 2098 definitam
801 2090 813 2108 ,
842 2064 907 2100 sed
931 2075 1057 2111 magna
1086 2074 1188 2112 parte
1209 2065 1359 2104 arbitra-

264 2128 350 2165 riam
376 2140 479 2176 esse,
504 2139 539 2166 et
562 2139 710 2167 naturae
736 2142 810 2168 non
836 2131 1036 2171 fundatam.

316 2198 375 2234 Ne
401 2207 519 2235 tamen
552 2199 636 2245 quis
662 2209 767 2246 putet
789 2213 845 2237 ine
869 2212 1010 2238 omnem
1037 2203 1181 2251 rejicere
1205 2204 1361 2242 classifi-

270 2265 447 2308 „sationem
479 2268 776 2317 systematicam3
803 2270 884 2308 inde
924 2273 1042 2318 enim,
1067 2282 1100 2310 et
1136 2273 1365 2313 difficultates

1253 2345 1359 2382 etiam
