<?xml version="1.0" encoding="UTF-8"?>
<!DOCTYPE html PUBLIC "-//W3C//DTD XHTML 1.0 Transitional//EN"
    "http://www.w3.org/TR/xhtml1/DTD/xhtml1-transitional.dtd">
<html xmlns="http://www.w3.org/1999/xhtml" xml:lang="en" lang="en">
 <head>
  <title>
</title>
<meta http-equiv="Content-Type" content="text/html;charset=utf-8" />
  <meta name='ocr-system' content='tesseract 3.04.00' />
  <meta name='ocr-capabilities' content='ocr_page ocr_carea ocr_par ocr_line ocrx_word'/>
</head>
<body>
  <div class='ocr_page' id='page_1' title='image "annalesacademiae36acad_0288.png"; bbox 0 0 1492 2896; ppageno 0'>
   <div class='ocr_carea' id='block_1_1' title="bbox 307 279 1344 328">
    <p class='ocr_par' dir='ltr' id='par_1_1' title="bbox 307 279 1344 328">
     <span class='ocr_line' id='line_1_1' title="bbox 307 279 1344 328; baseline -0.005 0"><span class='ocrx_word' id='word_1_1' title='bbox 307 285 361 328; x_wconf 83' lang='lat'><strong>52</strong></span> <span class='ocrx_word' id='word_1_2' title='bbox 390 285 428 328; x_wconf 79' lang='lat' dir='ltr'><strong>J.</strong></span> <span class='ocrx_word' id='word_1_3' title='bbox 449 283 495 327; x_wconf 90' lang='lat' dir='ltr'><strong>L.</strong></span> <span class='ocrx_word' id='word_1_4' title='bbox 514 283 558 326; x_wconf 84' lang='lat' dir='ltr'><strong>C.</strong></span> <span class='ocrx_word' id='word_1_5' title='bbox 579 281 930 327; x_wconf 81' lang='lat' dir='ltr'>SCHROEDER</span> <span class='ocrx_word' id='word_1_6' title='bbox 944 293 1046 326; x_wconf 73' lang='lat' dir='ltr'><strong>vAN</strong></span> <span class='ocrx_word' id='word_1_7' title='bbox 1064 296 1159 325; x_wconf 72' lang='lat' dir='ltr'><strong>mm</strong></span> <span class='ocrx_word' id='word_1_8' title='bbox 1176 279 1344 325; x_wconf 84' lang='lat' dir='ltr'>KOLK.</span> 
     </span>
    </p>
   </div>
   <div class='ocr_carea' id='block_1_2' title="bbox 310 419 1404 545">
    <p class='ocr_par' dir='ltr' id='par_1_2' title="bbox 310 419 1404 545">
     <span class='ocr_line' id='line_1_2' title="bbox 312 419 1403 481; baseline -0.007 -11"><span class='ocrx_word' id='word_1_9' title='bbox 312 423 646 481; x_wconf 81' lang='lat' dir='ltr'><strong>Mineralogicum</strong></span> <span class='ocrx_word' id='word_1_10' title='bbox 672 423 787 466; x_wconf 90' lang='lat' dir='ltr'><strong>novis</strong></span> <span class='ocrx_word' id='word_1_11' title='bbox 812 421 1104 480; x_wconf 82' lang='lat' dir='ltr'><strong>speciminibus</strong></span> <span class='ocrx_word' id='word_1_12' title='bbox 1121 453 1131 471; x_wconf 93' lang='lat'><strong>‚</strong></span> <span class='ocrx_word' id='word_1_13' title='bbox 1157 434 1288 476; x_wconf 87' lang='lat' dir='ltr'><strong>neque</strong></span> <span class='ocrx_word' id='word_1_14' title='bbox 1318 419 1403 462; x_wconf 78' lang='lat' dir='ltr'><strong>La-</strong></span> 
     </span>
     <span class='ocr_line' id='line_1_3' title="bbox 310 495 1404 545; baseline -0.007 0"><span class='ocrx_word' id='word_1_15' title='bbox 310 501 565 545; x_wconf 86' lang='lat' dir='ltr'><strong>boratorium</strong></span> <span class='ocrx_word' id='word_1_16' title='bbox 600 498 836 543; x_wconf 83' lang='lat' dir='ltr'><strong>Chemicum</strong></span> <span class='ocrx_word' id='word_1_17' title='bbox 868 498 989 543; x_wconf 88' lang='lat' dir='ltr'><strong>novis</strong></span> <span class='ocrx_word' id='word_1_18' title='bbox 1016 496 1294 541; x_wconf 78' lang='lat' dir='ltr'><strong>instrumentis</strong></span> <span class='ocrx_word' id='word_1_19' title='bbox 1321 495 1404 540; x_wconf 89' lang='lat' dir='ltr'><strong>hoc</strong></span> 
     </span>
    </p>
   </div>
   <div class='ocr_carea' id='block_1_3' title="bbox 244 571 1406 632">
    <p class='ocr_par' dir='ltr' id='par_1_3' title="bbox 244 571 1406 632">
     <span class='ocr_line' id='line_1_4' title="bbox 244 571 1406 632; baseline -0.006 -10"><span class='ocrx_word' id='word_1_20' title='bbox 244 596 245 599; x_wconf 45' lang='lat'>¹</span> <span class='ocrx_word' id='word_1_21' title='bbox 310 593 418 622; x_wconf 88' lang='lat' dir='ltr'><strong>anno</strong></span> <span class='ocrx_word' id='word_1_22' title='bbox 469 584 587 620; x_wconf 83' lang='lat' dir='ltr'><strong>aucta</strong></span> <span class='ocrx_word' id='word_1_23' title='bbox 632 577 824 628; x_wconf 85' lang='lat' dir='ltr'><strong>fuerunt,</strong></span> <span class='ocrx_word' id='word_1_24' title='bbox 880 589 1129 632; x_wconf 90' lang='lat' dir='ltr'><strong>quamquam</strong></span> <span class='ocrx_word' id='word_1_25' title='bbox 1177 571 1406 631; x_wconf 88' lang='lat' dir='ltr'><strong>disciplinis</strong></span> 
     </span>
    </p>
   </div>
   <div class='ocr_carea' id='block_1_4' title="bbox 311 650 1445 2389">
    <p class='ocr_par' dir='ltr' id='par_1_4' title="bbox 311 650 1407 789">
     <span class='ocr_line' id='line_1_5' title="bbox 311 650 1407 711; baseline -0.003 -15"><span class='ocrx_word' id='word_1_26' title='bbox 311 653 560 698; x_wconf 74' lang='lat' dir='ltr'><strong>illustrandis</strong></span> <span class='ocrx_word' id='word_1_27' title='bbox 591 661 713 709; x_wconf 85' lang='lat' dir='ltr'><strong>atque</strong></span> <span class='ocrx_word' id='word_1_28' title='bbox 745 651 1042 711; x_wconf 83' lang='lat' dir='ltr'><strong>amplificandis</strong></span> <span class='ocrx_word' id='word_1_29' title='bbox 1079 651 1238 709; x_wconf 81' lang='lat' dir='ltr'><strong>egregie</strong></span> <span class='ocrx_word' id='word_1_30' title='bbox 1271 650 1407 694; x_wconf 84' lang='lat' dir='ltr'><strong>inser-</strong></span> 
     </span>
     <span class='ocr_line' id='line_1_6' title="bbox 312 731 972 789; baseline 0.003 -16"><span class='ocrx_word' id='word_1_31' title='bbox 312 731 396 773; x_wconf 85' lang='lat' dir='ltr'><strong>vire</strong></span> <span class='ocrx_word' id='word_1_32' title='bbox 433 738 624 789; x_wconf 88' lang='lat' dir='ltr'><strong>pergunt.</strong></span> <span class='ocrx_word' id='word_1_33' title='bbox 650 739 652 741; x_wconf 83' lang='lat'>&#39;</span> <span class='ocrx_word' id='word_1_34' title='bbox 969 783 972 786; x_wconf 31' lang='grc'>,</span> 
     </span>
    </p>

    <p class='ocr_par' dir='ltr' id='par_1_5' title="bbox 315 806 1413 1233">
     <span class='ocr_line' id='line_1_7' title="bbox 371 806 1411 864; baseline -0.004 -12"><span class='ocrx_word' id='word_1_35' title='bbox 371 808 515 852; x_wconf 82' lang='lat' dir='ltr'><strong>Museo</strong></span> <span class='ocrx_word' id='word_1_36' title='bbox 563 808 837 860; x_wconf 83' lang='lat' dir='ltr'><strong>Anatomico,</strong></span> <span class='ocrx_word' id='word_1_37' title='bbox 890 808 1085 864; x_wconf 89' lang='lat' dir='ltr'><strong>quoniam</strong></span> <span class='ocrx_word' id='word_1_38' title='bbox 1120 806 1241 864; x_wconf 87' lang='lat' dir='ltr'><strong>copia</strong></span> <span class='ocrx_word' id='word_1_39' title='bbox 1279 818 1411 863; x_wconf 92' lang='lat' dir='ltr'><strong>pecu-</strong></span> 
     </span>
     <span class='ocr_line' id='line_1_8' title="bbox 315 883 1410 942; baseline -0.002 -16"><span class='ocrx_word' id='word_1_40' title='bbox 315 883 432 935; x_wconf 86' lang='lat' dir='ltr'><strong>niae,</strong></span> <span class='ocrx_word' id='word_1_41' title='bbox 465 898 571 940; x_wconf 84' lang='lat' dir='ltr'><strong>quae</strong></span> <span class='ocrx_word' id='word_1_42' title='bbox 598 884 682 941; x_wconf 90' lang='lat' dir='ltr'><strong>ipsi</strong></span> <span class='ocrx_word' id='word_1_43' title='bbox 708 883 928 940; x_wconf 83' lang='lat' dir='ltr'><strong>quotannis</strong></span> <span class='ocrx_word' id='word_1_44' title='bbox 957 883 1266 942; x_wconf 84' lang='lat' dir='ltr'><strong>suppeditatur,</strong></span> <span class='ocrx_word' id='word_1_45' title='bbox 1309 885 1410 939; x_wconf 84' lang='lat' dir='ltr'><strong>per-</strong></span> 
     </span>
     <span class='ocr_line' id='line_1_9' title="bbox 316 957 1411 1018; baseline 0.002 -16"><span class='ocrx_word' id='word_1_46' title='bbox 316 974 438 1015; x_wconf 84' lang='lat' dir='ltr'>quam</span> <span class='ocrx_word' id='word_1_47' title='bbox 485 959 626 1017; x_wconf 73' lang='lat' dir='ltr'><strong>exigua</strong></span> <span class='ocrx_word' id='word_1_48' title='bbox 663 967 752 1012; x_wconf 90' lang='lat' dir='ltr'><strong>est,</strong></span> <span class='ocrx_word' id='word_1_49' title='bbox 799 973 932 1018; x_wconf 89' lang='lat' dir='ltr'><strong>pauca</strong></span> <span class='ocrx_word' id='word_1_50' title='bbox 985 967 1143 1003; x_wconf 87' lang='lat' dir='ltr'><strong>tantum</strong></span> <span class='ocrx_word' id='word_1_51' title='bbox 1185 957 1411 1017; x_wconf 84' lang='lat' dir='ltr'><strong>specimina</strong></span> 
     </span>
     <span class='ocr_line' id='line_1_10' title="bbox 316 1034 1408 1094; baseline 0.001 -17"><span class='ocrx_word' id='word_1_52' title='bbox 316 1035 415 1078; x_wconf 84' lang='lat' dir='ltr'><strong>addi</strong></span> <span class='ocrx_word' id='word_1_53' title='bbox 450 1043 687 1094; x_wconf 85' lang='lat' dir='ltr'><strong>potuerunt.</strong></span> <span class='ocrx_word' id='word_1_54' title='bbox 751 1036 873 1092; x_wconf 83' lang='lat' dir='ltr'><strong>Quae</strong></span> <span class='ocrx_word' id='word_1_55' title='bbox 906 1036 1079 1086; x_wconf 86' lang='lat' dir='ltr'><strong>adsunt,</strong></span> <span class='ocrx_word' id='word_1_56' title='bbox 1124 1035 1176 1078; x_wconf 93' lang='lat' dir='ltr'><strong>ad</strong></span> <span class='ocrx_word' id='word_1_57' title='bbox 1218 1034 1408 1078; x_wconf 83' lang='lat' dir='ltr'><strong>erudien-</strong></span> 
     </span>
     <span class='ocr_line' id='line_1_11' title="bbox 318 1110 1413 1169; baseline -0.002 -15"><span class='ocrx_word' id='word_1_58' title='bbox 318 1112 395 1155; x_wconf 90' lang='lat' dir='ltr'><strong>dos</strong></span> <span class='ocrx_word' id='word_1_59' title='bbox 427 1113 669 1156; x_wconf 78' lang='lat' dir='ltr'><strong>Anatomiae</strong></span> <span class='ocrx_word' id='word_1_60' title='bbox 698 1120 736 1155; x_wconf 91' lang='lat' dir='ltr'><strong>et</strong></span> <span class='ocrx_word' id='word_1_61' title='bbox 770 1110 1056 1169; x_wconf 85' lang='lat' dir='ltr'><strong>Physiologiae</strong></span> <span class='ocrx_word' id='word_1_62' title='bbox 1083 1110 1290 1155; x_wconf 84' lang='lat' dir='ltr'><strong>studiosos</strong></span> <span class='ocrx_word' id='word_1_63' title='bbox 1319 1125 1413 1153; x_wconf 88' lang='lat' dir='ltr'><strong>ma-</strong></span> 
     </span>
     <span class='ocr_line' id='line_1_12' title="bbox 321 1188 1027 1233; baseline 0.001 -3"><span class='ocrx_word' id='word_1_64' title='bbox 321 1188 431 1231; x_wconf 89' lang='lat' dir='ltr'><strong>ximo</strong></span> <span class='ocrx_word' id='word_1_65' title='bbox 471 1202 562 1231; x_wconf 87' lang='lat' dir='ltr'><strong>cum</strong></span> <span class='ocrx_word' id='word_1_66' title='bbox 599 1189 733 1232; x_wconf 80' lang='lat' dir='ltr'><strong>fructu</strong></span> <span class='ocrx_word' id='word_1_67' title='bbox 767 1188 1027 1233; x_wconf 79' lang='lat' dir='ltr'><strong>adhibentur.</strong></span> 
     </span>
    </p>

    <p class='ocr_par' dir='ltr' id='par_1_6' title="bbox 321 1263 1415 1400">
     <span class='ocr_line' id='line_1_13' title="bbox 377 1263 1415 1322; baseline -0.003 -13"><span class='ocrx_word' id='word_1_68' title='bbox 377 1265 589 1309; x_wconf 84' lang='lat' dir='ltr'><strong>Musaeum</strong></span> <span class='ocrx_word' id='word_1_69' title='bbox 643 1266 907 1322; x_wconf 83' lang='lat' dir='ltr'><strong>Zoo&#39;logicum</strong></span> <span class='ocrx_word' id='word_1_70' title='bbox 964 1279 1047 1307; x_wconf 90' lang='lat' dir='ltr'><strong>non</strong></span> <span class='ocrx_word' id='word_1_71' title='bbox 1095 1271 1258 1307; x_wconf 85' lang='lat' dir='ltr'><strong>auctum</strong></span> <span class='ocrx_word' id='word_1_72' title='bbox 1313 1263 1415 1317; x_wconf 86' lang='lat' dir='ltr'><strong>suit;</strong></span> 
     </span>
     <span class='ocr_line' id='line_1_14' title="bbox 321 1342 1386 1400; baseline -0.001 -15"><span class='ocrx_word' id='word_1_73' title='bbox 321 1343 569 1400; x_wconf 81' lang='lat' dir='ltr'><strong>specimina,</strong></span> <span class='ocrx_word' id='word_1_74' title='bbox 602 1356 707 1398; x_wconf 90' lang='lat' dir='ltr'><strong>quae</strong></span> <span class='ocrx_word' id='word_1_75' title='bbox 736 1342 910 1393; x_wconf 87' lang='lat' dir='ltr'><strong>adsunt,</strong></span> <span class='ocrx_word' id='word_1_76' title='bbox 943 1342 1048 1389; x_wconf 88' lang='lat' dir='ltr'><strong>bene</strong></span> <span class='ocrx_word' id='word_1_77' title='bbox 1076 1348 1386 1387; x_wconf 76' lang='lat' dir='ltr'><strong>conservantur.</strong></span> 
     </span>
    </p>

    <p class='ocr_par' dir='ltr' id='par_1_7' title="bbox 322 1416 1418 1627">
     <span class='ocr_line' id='line_1_15' title="bbox 380 1416 1418 1475; baseline -0.001 -14"><span class='ocrx_word' id='word_1_78' title='bbox 380 1417 500 1462; x_wconf 88' lang='lat' dir='ltr'><strong>Horti</strong></span> <span class='ocrx_word' id='word_1_79' title='bbox 524 1417 715 1461; x_wconf 81' lang='lat' dir='ltr'><strong>Bolanici</strong></span> <span class='ocrx_word' id='word_1_80' title='bbox 743 1431 883 1461; x_wconf 85' lang='lat' dir='ltr'><strong>curam</strong></span> <span class='ocrx_word' id='word_1_81' title='bbox 903 1417 978 1460; x_wconf 86' lang='lat' dir='ltr'><strong>Vir</strong></span> <span class='ocrx_word' id='word_1_82' title='bbox 999 1416 1257 1461; x_wconf 89' lang='lat' dir='ltr'><strong>Clarissimus</strong></span> <span class='ocrx_word' id='word_1_83' title='bbox 1276 1416 1418 1475; x_wconf 78' lang='lat' dir='ltr'><strong>Kop-</strong></span> 
     </span>
     <span class='ocr_line' id='line_1_16' title="bbox 326 1493 1416 1546; baseline 0.001 -9"><span class='ocrx_word' id='word_1_84' title='bbox 326 1493 461 1546; x_wconf 85' lang='lat' dir='ltr'><strong>sius,</strong></span> <span class='ocrx_word' id='word_1_85' title='bbox 490 1494 721 1538; x_wconf 86' lang='lat' dir='ltr'><strong>honorifice</strong></span> <span class='ocrx_word' id='word_1_86' title='bbox 751 1494 851 1538; x_wconf 85' lang='lat' dir='ltr'><strong>rude</strong></span> <span class='ocrx_word' id='word_1_87' title='bbox 882 1494 1084 1545; x_wconf 85' lang='lat' dir='ltr'><strong>donatus,</strong></span> <span class='ocrx_word' id='word_1_88' title='bbox 1109 1494 1208 1538; x_wconf 88' lang='lat' dir='ltr'><strong>Viro</strong></span> <span class='ocrx_word' id='word_1_89' title='bbox 1222 1493 1416 1538; x_wconf 85' lang='lat' dir='ltr'><strong>Clarissi-</strong></span> 
     </span>
     <span class='ocr_line' id='line_1_17' title="bbox 322 1569 1170 1627; baseline 0.002 -15"><span class='ocrx_word' id='word_1_90' title='bbox 322 1584 391 1613; x_wconf 88' lang='lat' dir='ltr'><strong>mo</strong></span> <span class='ocrx_word' id='word_1_91' title='bbox 432 1571 682 1627; x_wconf 83' lang='lat' dir='ltr'><strong>Bergsma</strong></span> <span class='ocrx_word' id='word_1_92' title='bbox 721 1569 801 1614; x_wconf 90' lang='lat' dir='ltr'><strong>hoc</strong></span> <span class='ocrx_word' id='word_1_93' title='bbox 842 1584 950 1613; x_wconf 88' lang='lat' dir='ltr'><strong>anno</strong></span> <span class='ocrx_word' id='word_1_94' title='bbox 989 1570 1170 1614; x_wconf 83' lang='lat' dir='ltr'><strong>tradidit.</strong></span> 
     </span>
    </p>

    <p class='ocr_par' dir='ltr' id='par_1_8' title="bbox 323 1645 1445 2389">
     <span class='ocr_line' id='line_1_18' title="bbox 381 1645 1415 1703; baseline -0.001 -14"><span class='ocrx_word' id='word_1_95' title='bbox 381 1647 672 1690; x_wconf 83' lang='lat' dir='ltr'><strong>Nosocomium</strong></span> <span class='ocrx_word' id='word_1_96' title='bbox 707 1646 938 1689; x_wconf 83' lang='lat' dir='ltr'><strong>Medicinae</strong></span> <span class='ocrx_word' id='word_1_97' title='bbox 980 1645 1185 1689; x_wconf 85' lang='lat' dir='ltr'><strong>Studiosis</strong></span> <span class='ocrx_word' id='word_1_98' title='bbox 1211 1645 1415 1703; x_wconf 75' lang='lat' dir='ltr'><strong>egregiam</strong></span> 
     </span>
     <span class='ocr_line' id='line_1_19' title="bbox 323 1722 1445 1781; baseline 0.001 -17"><span class='ocrx_word' id='word_1_99' title='bbox 323 1722 435 1765; x_wconf 81' lang='lat' dir='ltr'><strong>dedit</strong></span> <span class='ocrx_word' id='word_1_100' title='bbox 469 1723 699 1766; x_wconf 81' lang='lat' dir='ltr'><strong>facultatem</strong></span> <span class='ocrx_word' id='word_1_101' title='bbox 742 1730 781 1765; x_wconf 90' lang='lat' dir='ltr'><strong>et</strong></span> <span class='ocrx_word' id='word_1_102' title='bbox 814 1723 1191 1780; x_wconf 82' lang='lat' dir='ltr'><strong>opportunitatem,</strong></span> <span class='ocrx_word' id='word_1_103' title='bbox 1233 1729 1277 1765; x_wconf 93' lang='lat' dir='ltr'><strong>ut</strong></span> <span class='ocrx_word' id='word_1_104' title='bbox 1314 1722 1445 1781; x_wconf 70' lang='lat' dir='ltr'><strong>ipsi,</strong></span> 
     </span>
     <span class='ocr_line' id='line_1_20' title="bbox 324 1797 1421 1842; baseline 0.002 -2"><span class='ocrx_word' id='word_1_105' title='bbox 324 1797 499 1841; x_wconf 78' lang='lat' dir='ltr'><strong>ducibus</strong></span> <span class='ocrx_word' id='word_1_106' title='bbox 543 1798 650 1841; x_wconf 81' lang='lat' dir='ltr'><strong>Viris</strong></span> <span class='ocrx_word' id='word_1_107' title='bbox 699 1797 943 1842; x_wconf 87' lang='lat' dir='ltr'><strong>Clarissimis</strong></span> <span class='ocrx_word' id='word_1_108' title='bbox 993 1797 1334 1842; x_wconf 84' lang='lat' dir='ltr'><strong>Suermanno</strong></span> <span class='ocrx_word' id='word_1_109' title='bbox 1379 1806 1421 1842; x_wconf 87' lang='lat' dir='ltr'><strong>et</strong></span> 
     </span>
     <span class='ocr_line' id='line_1_21' title="bbox 324 1873 1417 1925; baseline 0.005 -12"><span class='ocrx_word' id='word_1_110' title='bbox 324 1874 589 1917; x_wconf 69' lang='lat' dir='ltr'><strong>VVolterb</strong></span> <span class='ocrx_word' id='word_1_111' title='bbox 605 1889 657 1917; x_wconf 86' lang='lat' dir='ltr'><strong>ee</strong></span> <span class='ocrx_word' id='word_1_112' title='bbox 673 1874 783 1925; x_wconf 89' lang='lat' dir='ltr'><strong>kio,</strong></span> <span class='ocrx_word' id='word_1_113' title='bbox 843 1882 970 1918; x_wconf 87' lang='lat' dir='ltr'><strong>artem</strong></span> <span class='ocrx_word' id='word_1_114' title='bbox 1033 1874 1140 1917; x_wconf 83' lang='lat' dir='ltr'><strong>banc</strong></span> <span class='ocrx_word' id='word_1_115' title='bbox 1198 1873 1417 1918; x_wconf 86' lang='lat' dir='ltr'><strong>salutarem</strong></span> 
     </span>
     <span class='ocr_line' id='line_1_22' title="bbox 325 1950 1417 2000; baseline 0.003 -9"><span class='ocrx_word' id='word_1_116' title='bbox 325 1954 556 1994; x_wconf 84' lang='lat' dir='ltr'><strong>universam</strong></span> <span class='ocrx_word' id='word_1_117' title='bbox 590 1957 854 2000; x_wconf 85' lang='lat' dir='ltr'><strong>exercerent,</strong></span> <span class='ocrx_word' id='word_1_118' title='bbox 885 1950 1126 1994; x_wconf 86' lang='lat' dir='ltr'><strong>morborum</strong></span> <span class='ocrx_word' id='word_1_119' title='bbox 1164 1950 1417 1994; x_wconf 82' lang='lat' dir='ltr'><strong>internorum</strong></span> 
     </span>
     <span class='ocr_line' id='line_1_23' title="bbox 327 2025 1420 2080; baseline 0.001 -13"><span class='ocrx_word' id='word_1_120' title='bbox 327 2033 448 2080; x_wconf 79' lang='lat' dir='ltr'><strong>atque</strong></span> <span class='ocrx_word' id='word_1_121' title='bbox 488 2033 748 2070; x_wconf 82' lang='lat' dir='ltr'><strong>externorum</strong></span> <span class='ocrx_word' id='word_1_122' title='bbox 788 2026 1002 2070; x_wconf 86' lang='lat' dir='ltr'><strong>decursum</strong></span> <span class='ocrx_word' id='word_1_123' title='bbox 1048 2033 1087 2069; x_wconf 92' lang='lat' dir='ltr'><strong>et</strong></span> <span class='ocrx_word' id='word_1_124' title='bbox 1123 2033 1310 2069; x_wconf 84' lang='lat' dir='ltr'><strong>naturam</strong></span> <span class='ocrx_word' id='word_1_125' title='bbox 1351 2025 1420 2069; x_wconf 77' lang='lat' dir='ltr'><strong>in-</strong></span> 
     </span>
     <span class='ocr_line' id='line_1_24' title="bbox 327 2101 1420 2160; baseline 0.001 -16"><span class='ocrx_word' id='word_1_126' title='bbox 327 2102 595 2159; x_wconf 82' lang='lat' dir='ltr'><strong>vestigarent,</strong></span> <span class='ocrx_word' id='word_1_127' title='bbox 628 2110 750 2159; x_wconf 87' lang='lat' dir='ltr'><strong>atque</strong></span> <span class='ocrx_word' id='word_1_128' title='bbox 789 2102 908 2146; x_wconf 86' lang='lat' dir='ltr'><strong>etiam</strong></span> <span class='ocrx_word' id='word_1_129' title='bbox 935 2103 977 2144; x_wconf 90' lang='lat' dir='ltr'><strong>in</strong></span> <span class='ocrx_word' id='word_1_130' title='bbox 1016 2101 1269 2145; x_wconf 80' lang='lat' dir='ltr'><strong>absolvendo</strong></span> <span class='ocrx_word' id='word_1_131' title='bbox 1299 2108 1420 2160; x_wconf 83' lang='lat' dir='ltr'><strong>partu</strong></span> 
     </span>
     <span class='ocr_line' id='line_1_25' title="bbox 327 2177 1423 2236; baseline 0.001 -16"><span class='ocrx_word' id='word_1_132' title='bbox 327 2185 495 2221; x_wconf 83' lang='lat' dir='ltr'><strong>naturae</strong></span> <span class='ocrx_word' id='word_1_133' title='bbox 528 2178 632 2222; x_wconf 82' lang='lat' dir='ltr'><strong>vires</strong></span> <span class='ocrx_word' id='word_1_134' title='bbox 670 2186 708 2222; x_wconf 91' lang='lat' dir='ltr'><strong>et</strong></span> <span class='ocrx_word' id='word_1_135' title='bbox 747 2179 845 2222; x_wconf 81' lang='lat' dir='ltr'><strong>artis</strong></span> <span class='ocrx_word' id='word_1_136' title='bbox 878 2178 1024 2221; x_wconf 84' lang='lat' dir='ltr'><strong>auxilia</strong></span> <span class='ocrx_word' id='word_1_137' title='bbox 1059 2178 1099 2220; x_wconf 93' lang='lat' dir='ltr'><strong>in</strong></span> <span class='ocrx_word' id='word_1_138' title='bbox 1132 2177 1211 2221; x_wconf 85' lang='lat' dir='ltr'><strong>isto</strong></span> <span class='ocrx_word' id='word_1_139' title='bbox 1247 2191 1423 2236; x_wconf 77' lang='lat' dir='ltr'><strong>promo—</strong></span> 
     </span>
     <span class='ocr_line' id='line_1_26' title="bbox 329 2254 1422 2312; baseline 0.001 -16"><span class='ocrx_word' id='word_1_140' title='bbox 329 2254 461 2296; x_wconf 85' lang='lat' dir='ltr'><strong>vendo</strong></span> <span class='ocrx_word' id='word_1_141' title='bbox 497 2261 538 2298; x_wconf 91' lang='lat' dir='ltr'><strong>et</strong></span> <span class='ocrx_word' id='word_1_142' title='bbox 569 2254 823 2298; x_wconf 79' lang='lat' dir='ltr'><strong>moderando</strong></span> <span class='ocrx_word' id='word_1_143' title='bbox 867 2268 1115 2311; x_wconf 78' lang='lat' dir='ltr'><strong>cognoscere</strong></span> <span class='ocrx_word' id='word_1_144' title='bbox 1157 2261 1279 2310; x_wconf 81' lang='lat' dir='ltr'><strong>atque</strong></span> <span class='ocrx_word' id='word_1_145' title='bbox 1317 2269 1422 2312; x_wconf 86' lang='lat' dir='ltr'><strong>pru-</strong></span> 
     </span>
     <span class='ocr_line' id='line_1_27' title="bbox 327 2329 930 2389; baseline 0.008 -18"><span class='ocrx_word' id='word_1_146' title='bbox 327 2329 470 2373; x_wconf 79' lang='lat' dir='ltr'><strong>denter</strong></span> <span class='ocrx_word' id='word_1_147' title='bbox 514 2331 711 2376; x_wconf 85' lang='lat' dir='ltr'><strong>adhibere</strong></span> <span class='ocrx_word' id='word_1_148' title='bbox 749 2338 930 2389; x_wconf 82' lang='lat' dir='ltr'><strong>possent.</strong></span> 
     </span>
    </p>
   </div>
  </div>
 </body>
</html>
