1492 2896
300 285 358 325 22
397 282 437 326 J.
454 281 501 326 L.
519 280 566 327 C.
586 279 942 325 SCHROEDER
959 293 1060 324 VAN
1076 296 1167 323 DEu
1188 279 1348 324 KOLK

300 422 491 482 inprimis
536 421 605 478 qui
647 421 699 464 ad
743 421 926 464 furorem
972 420 1241 477 procliviores
1283 427 1407 471 sunt,

305 499 529 545 maximum
567 498 762 542 damnum
813 506 853 542 et
900 498 1127 554 periculum
1173 505 1212 541 et
1245 497 1328 540 vsibi
1357 503 1410 540 >et

304 576 392 621 aliis
439 573 594 623 afferre
621 588 771 634 posse,
801 575 836 618 si
871 573 999 617 libere
1028 574 1071 617 in
1095 573 1292 617 societate
1323 572 1408 616 ho—

304 652 461 698 minum
491 658 729 704 versentur,
762 659 884 707 atque
905 650 1032 708 igitur
1057 650 1289 709 prudenter
1315 663 1408 692 cum

304 727 411 788 ipsis
456 728 552 786 agi,
603 728 639 771 si
685 727 962 772 secludantur.
1036 727 1166 771 Recte
1217 733 1410 780 monent3

299 806 430 849 modo
470 820 523 849 ne
551 805 620 848 isti
658 804 799 848 miseri
835 804 1041 861 ejusmodi
1066 803 1314 848 habitaculis
1338 802 1409 846 in-

303 882 546 935 cludantur,
590 888 714 938 atque
750 888 835 925 tam
872 872 1040 939 indigne
1080 892 1176 924 'cuin
1213 879 1264 924 iis
1305 895 1410 938 aga-

301 967 394 1014 tur3
424 984 483 996 .-
512 958 641 1003 modo
676 964 846 1017 pateant
879 957 981 1016 ipsis
1018 956 1250 1010 domicilia,
1288 956 1412 1016 ipso-

301 1051 393 1080 rum
431 1035 618 1079 miseriae
649 1034 862 1078 leniendae
902 1033 1135 1093 aptissima,
1165 1032 1410 1077 necessariis

301 1112 463 1157 auxiliis
481 1112 706 1162 instructa,
737 1111 780 1154 in
801 1110 952 1168 quibus
978 1125 1063 1154 non
1101 1111 1230 1154 modo
1259 1109 1411 1168 benig-

302 1203 355 1233 ne
383 1196 422 1232 et
447 1188 674 1247 prudenter
702 1194 956 1240 tractantur,
1003 1202 1144 1232 verum
1172 1187 1294 1231 etiam
1315 1187 1406 1230 illas

301 1266 514 1324 reperiunt
566 1265 774 1318 medelas,
833 1279 940 1318 quae
975 1264 1153 1307 maxime
1205 1263 1405 1308 inservire

302 1350 505 1402 possunt,
534 1349 581 1385 ut
619 1357 642 1385 a
682 1341 924 1399 gravissimo
968 1340 1119 1384 morbo
1157 1340 1411 1392 liberentur,

303 1426 428 1476 atque
491 1418 678 1463 societati
744 1418 911 1474 suisque
962 1417 1097 1461 sanati
1162 1417 1407 1462 reddantur.

302 1495 414 1539 Haec
431 1494 546 1552 jubet
572 1495 777 1538 humanus
799 1526 810 1542 ‚
841 1494 876 1537 si
902 1495 994 1551 quis
1018 1501 1105 1546 est,
1135 1509 1308 1549 sensus3
1330 1508 1407 1538 ca-

301 1572 428 1625 ritas,
470 1573 505 1616 si
544 1588 626 1629 qua
655 1580 716 1616 est
751 1572 993 1625 hominum3
1034 1572 1138 1615 haec
1166 1571 1279 1627 jubet
1317 1571 1408 1616 Re-

303 1649 400 1706 ligio
431 1649 692 1700 Christiana,
735 1664 841 1705 quae
881 1663 1065 1692 amorem
1119 1656 1158 1692 et
1193 1648 1406 1693 caritatem

302 1727 481 1784 primam
528 1727 747 1778 virtutem,
795 1726 1136 1770 inhumanitatem
1178 1735 1216 1770 et
1253 1727 1407 1770 crude-

302 1803 458 1847 litatem
519 1818 722 1847 summam
774 1790 1087 1862 perversitatem
1149 1802 1274 1846 animi
1324 1818 1408 1862 po-

305 1880 378 1926 nit.

353 1958 470 2000 Num
503 1957 594 2013 quis
617 1964 832 2007 nostrum,
865 1959 1043 2012 quaeso!
1076 1971 1160 2000 non
1189 1957 1407 2002 scelestum

303 2033 478 2085 dixerit,
513 2048 596 2076 non
631 2041 676 2076 ut
711 2041 867 2091 pestem
893 2034 1073 2090 aliquam
1097 2033 1244 2091 fugerit
1283 2040 1407 2090 atque

302 2111 566 2153 abhorruerit
606 2125 697 2154 eum
746 2111 984 2162 hominem,
1029 2110 1100 2167 qui
1135 2110 1193 2153 ita
1241 2124 1406 2154 omnem

305 2187 568 2230 humanitatis
600 2202 763 2230 sensum
803 2188 980 2238 exuerit,
1039 2194 1084 2230 ut
1125 2187 1169 2232 in
1213 2193 1404 2245 patrem,

305 2266 470 2307 fratrem
490 2297 501 2317 ,
533 2264 687 2316 lilium,
717 2264 759 2307 in
776 2265 896 2307 aliuzn
927 2264 1282 2322 consanguinitate
1300 2277 1407 2307 con—

306 2341 516 2401 inanienti,
551 2350 615 2384 aut
648 2343 689 2387 iu
722 2342 901 2387 anticum.
926 2341 1276 2394 int‘‹›l{c·1<sm·1un¹,
1308 2356 1407 2398 gra-
