1492 2896
476 250 865 298 ORATto,
1166 246 1243 291 25·

109 399 238 447 strat,
270 404 354 448 qua
390 389 535 440 finem,
569 401 654 445 quo
685 384 841 439 tendit,
874 383 1039 441 assequi
1079 383 1227 442 possit.

110 477 230 522 Idem
266 489 368 520 vero
405 473 505 518 illud
540 471 726 531 germani
760 469 1010 528 Philosophi
1047 467 1230 511 studium

109 560 214 606 facit
229 577 251 615 ,⁷
273 567 320 605 ut
355 559 495 605 videat
537 565 576 602 et
614 555 913 616 persentiscat,
945 568 1071 611 quam
1109 553 1232 609 longe

111 645 167 690 sit
203 645 257 689 ab
293 633 364 687 illo
403 642 486 687 fine
523 649 733 694 remotus,
777 654 902 697 quam
937 652 1175 702 perversus·
1196 642 1237 680 et

111 744 289 790 prorsus
310 728 500 788 ineptus,
531 727 585 771 ad
610 726 723 770 illum
747 740 824 784 per
851 739 896 768 se
915 722 1236 779 assequendum.

113 814 230 859 Haec
258 821 395 858 autem
428 811 683 872 experientia
725 818 870 870 aptum
902 798 995 853 eum
1028 806 1168 851 reddit
1200 812 1240 849 et

115 898 345 959 proclivem
385 897 439 941 ad
482 896 760 949 credendum,
811 909 918 952 quae
961 892 1013 936 de
1057 889 1240 935 hominis

118 982 416 1041 perversitate,
434 981 485 1025 de
517 981 644 1024 divini
672 979 810 1024 auxilii
835 977 1079 1043 necessitate
1107 974 1242 1031 deque

117 1066 258 1120 unica,
300 1066 355 1109 ad
389 1080 530 1109 veram
561 1066 734 1109 salutem
762 1063 938 1107 ducente
968 1060 1058 1113 via,
1092 1058 1244 1102 Chris-

118 1151 233 1195 tiana
261 1149 391 1196 tradit
421 1149 600 1207 Religio.
658 1148 772 1192 Haec
811 1144 1066 1205 experientia
1101 1150 1244 1201 aptum

122 1251 217 1281 eum
260 1234 399 1279 reddit
444 1241 485 1277 et
528 1233 756 1292 proclivem
794 1231 846 1275 ad
884 1228 1244 1289 amplectendum,

123 1320 240 1379 quod
279 1319 552 1377 Euangelium
584 1318 738 1375 ubique
770 1316 979 1367 inculcat,
1013 1321 1051 1357 et
1085 1312 1129 1356 in
1162 1327 1246 1368 quo

39 1436 44 1442 -
122 1419 263 1449 rerum
289 1418 505 1448 sacrarum
534 1403 834 1447 instauratores
870 1398 1148 1443 versabantur
1177 1403 1250 1440 to-

125 1489 190 1533 ti:
255 1506 406 1532 omnes
462 1496 799 1545 peccaverunt,
860 1487 1042 1542 Deiqzce
1093 1484 1251 1539 gloria

126 1575 431 1629 deficiantur,
463 1577 634 1631 quippe
672 1575 753 1630 qui
790 1545 1106 1628 Ejzcstgr'aticz
1126 1568 1253 1622 justi

127 1662 430 1703 declarantur
468 1660 651 1714 gratis,
696 1672 790 1712 per
831 1654 1157 1697 redemtionem
1206 1652 1252 1691 in

129 1742 260 1787 Jesu
291 1741 518 1787 Christo
556 1744 752 1801 factam.

191 1825 278 1871 Sed
309 1825 542 1884 Religionis
580 1832 751 1869 nostrae
785 1822 940 1882 placita
972 1834 1058 1863 non
1096 1824 1253 1861 tantum

136 1909 359 1970 cognosci,
390 1910 553 1967 riteque
593 1908 802 1952 aestimari
817 1909 834 1960 ‚'
863 1921 913 1951 ac
948 1903 1064 1956 cre-di
1101 1902 1256 1945 debent

103 2024 107 2029 «
134 2011 160 2040 a
181 1994 419 2052 Theologo.
480 1993 589 2038 Sunt
619 1993 742 2037 etiam
769 1992 824 2035 ab
852 1991 925 2034 illo
949 1989 1039 2033 aliis
1065 1990 1258 2030 traden-

135 2083 211 2125 da.
271 2079 498 2137 Quantum·
515 2085 653 2122 autem
680 2077 750 2120 hic
766 2092 768 2096 ⁸
786 2076 921 2120 valeat
944 2087 1144 2133 germana
1170 2070 1257 2128 ejus

135 2162 411 2223 philosophia
450 2179 552 2205 cum
585 2160 629 2204 in
662 2174 828 2212 rerum,
860 2153 1146 2215 q‘uasvtradin
1179 2153 1260 2197 de-

138 2247 320 2305 lectum,
354 2256 449 2290 tam
499 2246 543 2290 in
588 2244 820 2298 rationem,
853 2258 936 2300 qua
974 2241 1067 2285 illas
1102 2238 1257 2291 tradit,
