1492 2896
441 266 807 311 ORATIO.
1151 268 1177 311 5

68 401 226 446 ribuss
290 401 460 446 Festum
498 401 580 446 hoc
618 400 777 446 scilicet
813 415 957 447 omnes
996 401 1177 455 habent,

66 492 153 524 non
184 477 284 522 urbi
316 477 412 522 huic
448 485 519 522 aut
548 478 797 522 Academiae
827 478 1068 537 proprium,
1102 479 1177 523 sed

65 555 279 600 universae
306 555 468 614 patriae
485 587 498 608 ,
528 555 583 599 ad
611 555 860 599 celebranda
890 555 1040 599 artium
1070 555 1179 599 doe-

65 633 352 690 trinarnmque
371 664 374 670 Δ
394 631 552 685 studia,
597 646 828 677 commune.
893 662 895 665 v
933 632 1030 689 Quo
1053 662 1057 669 2
1078 644 1178 676 sane

65 708 202 754 minus
227 709 569 754 committendum
593 708 716 753 nobis
741 716 826 762 est,
856 715 902 752 ut
926 715 1093 752 nostras
1111 716 1181 752 res

67 785 302 839 laudemus,
332 785 507 830 aliorum
531 786 810 844 negligamus,
842 784 977 838 viros,
1010 785 1082 842 qui
1108 784 1181 829 hic

65 861 372 916 inclaruerunt,
402 877 680 908 memoremus
714 877 764 906 ac
797 862 1076 914 celebremus,
1108 861 1181 918 qui

69 939 170 985 alias
216 939 498 984 doctrinarum
546 939 667 984 sedes
723 946 954 991 ornarunt,
1020 937 1182 983 silentio

72 1016 487 1076 praetermittamus.-
558 1016 606 1059 Id
645 1029 731 1059 non
772 1016 852 1059 fert
886 1015 1045 1074 patria,
1077 1029 1184 1072 quae

68 1107 153 1137 non
184 1091 321 1137 minus
348 1091 499 1136 ceteris
529 1091 768 1138 Academiis
797 1091 903 1141 suis,
947 1105 1072 1148 quam
1100 1089 1181 1133 hac

71 1171 240 1223 nostra,
267 1169 491 1228 gloriatur:
522 1182 608 1212 non
636 1168 716 1211 fert
742 1168 835 1212 Rex
860 1175 1003 1212 noster
1029 1181 1187 1225 augus-

70 1247 278 1300 tissimus,
307 1245 495 1304 quipari
518 1245 728 1288 voluntate
753 1243 913 1288 cunctis
936 1243 1068 1287 favet:
1100 1256 1185 1286 non

72 1326 210 1371 ferunt
248 1322 427 1381 denique
470 1321 598 1366 animi
639 1321 796 1373 nostri,
826 1320 1073 1373 Auditores,
1095 1318 1186 1363 hoc

73 1402 150 1447 die·
168 1402 276 1446 festo
315 1400 358 1443 in
396 1399 570 1459 primis,
600 1398 644 1442 in
671 1413 831 1442 summa
861 1397 1044 1453 omnium
1076 1396 1188 1439 hila-

74 1479 194 1524 ritate
205 1508 231 1531 ‚.
257 1477 313 1522 ad
345 1476 598 1521 verissimam
626 1475 917 1519 liberalitatem
949 1472 1186 1532 compositi.

74 1555 360 1614 Quamobrem
385 1554 453 1598 sie
472 1568 552 1597 nos
575 1552 761 1597 inomni
788 1551 871 1595 hoc
898 1550 1065 1609 negotio
1090 1565 1189 1594 vera

77 1648 237 1686 semur,
266 1639 311 1676 ut
337 1630 513 1675 maxime
538 1629 651 1673 viros
677 1629 819 1681 decet,
851 1636 893 1672 et
917 1627 1088 1686 optimis
1114 1642 1189 1670 ar-

77 1709 273 1755 tibusvad
305 1707 603 1752 humanitatem
633 1707 840 1759 excultos,
875 1712 915 1749 et
941 1719 1081 1749 veram
1111 1718 1189 1748 suo

79 1785 214 1846 pretio
239 1785 446 1829 habentes
472 1782 631 1842 patriae
660 1782 849 1840 gloriam.
932 1781 999 1825 rTe
1027 1788 1162 1824 autem
1178 1812 1191 1831 ‚

80 1863 240 1906 summe
261 1861 399 1905 Deus!
431 1874 680 1919 precamur,
712 1865 785 1912 ut,
819 1857 961 1916 prouti
990 1857 1043 1899 ad
1078 1856 1192 1900 hunc

80 1953 212 1996 usque
245 1937 353 1982 diem
383 1937 538 1981 salvam
564 1936 852 1994 integramque
877 1932 1050 1978 servasti
1077 1935 1192 1978 Aca-

79 2015 257 2060 demiam
288 2021 504 2067 nostram,
530 2013 588 2057 ita
624 2011 860 2071 prospicias
896 2011 931 2055 ei
969 2011 1193 2069 deinceps,

80 2092 286 2150 nobisque
314 2105 424 2135 nunc
456 2090 652 2142 maxime,
694 2088 781 2146 ejus
821 2088 969 2133 festum
1002 2087 1192 2132 celebra-

80 2169 207 2222 turis,
236 2167 449 2228 propitius
479 2167 605 2211 adsis.
958 2168 960 2171 '

564 2307 719 2315 m
