<?xml version="1.0" encoding="UTF-8"?>
<!DOCTYPE html PUBLIC "-//W3C//DTD XHTML 1.0 Transitional//EN"
    "http://www.w3.org/TR/xhtml1/DTD/xhtml1-transitional.dtd">
<html xmlns="http://www.w3.org/1999/xhtml" xml:lang="en" lang="en">
 <head>
  <title>
</title>
<meta http-equiv="Content-Type" content="text/html;charset=utf-8" />
  <meta name='ocr-system' content='tesseract 3.04.00' />
  <meta name='ocr-capabilities' content='ocr_page ocr_carea ocr_par ocr_line ocrx_word'/>
</head>
<body>
  <div class='ocr_page' id='page_1' title='image "annalesacademiae36acad_0256.png"; bbox 0 0 1492 2896; ppageno 0'>
   <div class='ocr_carea' id='block_1_1' title="bbox 304 285 1358 334">
    <p class='ocr_par' dir='ltr' id='par_1_1' title="bbox 304 285 1358 334">
     <span class='ocr_line' id='line_1_1' title="bbox 304 285 1358 334; baseline -0.004 -1"><span class='ocrx_word' id='word_1_1' title='bbox 304 293 360 334; x_wconf 77' lang='lat'><strong>20</strong></span> <span class='ocrx_word' id='word_1_2' title='bbox 419 289 460 333; x_wconf 86' lang='lat' dir='ltr'><strong>J.</strong></span> <span class='ocrx_word' id='word_1_3' title='bbox 479 285 954 333; x_wconf 74' lang='lat' dir='ltr'><strong>L.C.Sc11ROEDER</strong></span> <span class='ocrx_word' id='word_1_4' title='bbox 973 288 1072 330; x_wconf 65' lang='lat' dir='ltr'><strong>vim</strong></span> <span class='ocrx_word' id='word_1_5' title='bbox 1090 301 1185 330; x_wconf 71' lang='lat' dir='ltr'><strong>Dea</strong></span> <span class='ocrx_word' id='word_1_6' title='bbox 1200 286 1358 333; x_wconf 76' lang='lat' dir='ltr'><strong>KOLK</strong></span> 
     </span>
    </p>
   </div>
   <div class='ocr_carea' id='block_1_2' title="bbox 290 427 1426 2400">
    <p class='ocr_par' dir='ltr' id='par_1_2' title="bbox 305 427 1418 551">
     <span class='ocr_line' id='line_1_2' title="bbox 307 427 1418 488; baseline -0.003 -13"><span class='ocrx_word' id='word_1_7' title='bbox 307 438 352 475; x_wconf 85' lang='lat' dir='ltr'><strong>ut</strong></span> <span class='ocrx_word' id='word_1_8' title='bbox 370 462 382 482; x_wconf 95' lang='lat'>‚</span> <span class='ocrx_word' id='word_1_9' title='bbox 414 437 612 487; x_wconf 77' lang='lat' dir='ltr'><strong>quantum</strong></span> <span class='ocrx_word' id='word_1_10' title='bbox 640 429 876 488; x_wconf 84' lang='lat' dir='ltr'><strong>possimus,</strong></span> <span class='ocrx_word' id='word_1_11' title='bbox 907 427 1171 472; x_wconf 70' lang='lat' dir='ltr'><strong>intendamus</strong></span> <span class='ocrx_word' id='word_1_12' title='bbox 1200 429 1306 472; x_wconf 84' lang='lat' dir='ltr'><strong>vires</strong></span> <span class='ocrx_word' id='word_1_13' title='bbox 1324 461 1336 482; x_wconf 92' lang='lat'><strong>,</strong></span> <span class='ocrx_word' id='word_1_14' title='bbox 1374 443 1418 472; x_wconf 84' lang='lat' dir='ltr'><strong>ut</strong></span> 
     </span>
     <span class='ocr_line' id='line_1_3' title="bbox 305 505 1100 551; baseline -0.003 -1"><span class='ocrx_word' id='word_1_15' title='bbox 305 506 386 551; x_wconf 91' lang='lat' dir='ltr'><strong>ista</strong></span> <span class='ocrx_word' id='word_1_16' title='bbox 413 507 584 550; x_wconf 87' lang='lat' dir='ltr'><strong>tollatur</strong></span> <span class='ocrx_word' id='word_1_17' title='bbox 609 513 678 549; x_wconf 89' lang='lat' dir='ltr'><strong>aut</strong></span> <span class='ocrx_word' id='word_1_18' title='bbox 704 505 877 550; x_wconf 87' lang='lat' dir='ltr'><strong>leniatur</strong></span> <span class='ocrx_word' id='word_1_19' title='bbox 901 505 1100 549; x_wconf 86' lang='lat' dir='ltr'><strong>conditio.</strong></span> 
     </span>
    </p>

    <p class='ocr_par' dir='ltr' id='par_1_3' title="bbox 300 582 1419 1467">
     <span class='ocr_line' id='line_1_4' title="bbox 363 582 1419 640; baseline -0.001 -14"><span class='ocrx_word' id='word_1_20' title='bbox 363 582 449 626; x_wconf 87' lang='lat' dir='ltr'><strong>Cur</strong></span> <span class='ocrx_word' id='word_1_21' title='bbox 494 582 650 640; x_wconf 83' lang='lat' dir='ltr'><strong>igitur,</strong></span> <span class='ocrx_word' id='word_1_22' title='bbox 680 582 723 625; x_wconf 86' lang='lat' dir='ltr'><strong>in</strong></span> <span class='ocrx_word' id='word_1_23' title='bbox 767 596 887 638; x_wconf 87' lang='lat' dir='ltr'><strong>quem</strong></span> <span class='ocrx_word' id='word_1_24' title='bbox 931 582 1108 625; x_wconf 84' lang='lat' dir='ltr'>maxime</span> <span class='ocrx_word' id='word_1_25' title='bbox 1154 596 1252 625; x_wconf 84' lang='lat' dir='ltr'><strong>cura</strong></span> <span class='ocrx_word' id='word_1_26' title='bbox 1291 582 1419 625; x_wconf 84' lang='lat' dir='ltr'><strong>adhi-</strong></span> 
     </span>
     <span class='ocr_line' id='line_1_5' title="bbox 303 658 1418 712; baseline -0.001 -9"><span class='ocrx_word' id='word_1_27' title='bbox 303 660 442 704; x_wconf 88' lang='lat' dir='ltr'><strong>benda</strong></span> <span class='ocrx_word' id='word_1_28' title='bbox 481 659 559 712; x_wconf 87' lang='lat' dir='ltr'><strong>sit,</strong></span> <span class='ocrx_word' id='word_1_29' title='bbox 607 659 643 703; x_wconf 94' lang='lat' dir='ltr'><strong>is</strong></span> <span class='ocrx_word' id='word_1_30' title='bbox 682 659 832 703; x_wconf 88' lang='lat' dir='ltr'><strong>minori</strong></span> <span class='ocrx_word' id='word_1_31' title='bbox 882 666 952 702; x_wconf 88' lang='lat' dir='ltr'><strong>aut</strong></span> <span class='ocrx_word' id='word_1_32' title='bbox 996 658 1106 701; x_wconf 88' lang='lat' dir='ltr'><strong>nulla</strong></span> <span class='ocrx_word' id='word_1_33' title='bbox 1151 658 1334 702; x_wconf 86' lang='lat' dir='ltr'><strong>fruitur?</strong></span> <span class='ocrx_word' id='word_1_34' title='bbox 1364 679 1418 690; x_wconf 92' lang='lat'>-</span> 
     </span>
     <span class='ocr_line' id='line_1_6' title="bbox 304 734 1417 794; baseline -0.002 -14"><span class='ocrx_word' id='word_1_35' title='bbox 304 736 451 794; x_wconf 85' lang='lat' dir='ltr'><strong>Quid?</strong></span> <span class='ocrx_word' id='word_1_36' title='bbox 498 737 608 781; x_wconf 89' lang='lat' dir='ltr'><strong>nulla</strong></span> <span class='ocrx_word' id='word_1_37' title='bbox 647 736 869 780; x_wconf 85' lang='lat' dir='ltr'><strong>adhibetur</strong></span> <span class='ocrx_word' id='word_1_38' title='bbox 910 736 1048 778; x_wconf 85' lang='lat' dir='ltr'><strong>cura?</strong></span> <span class='ocrx_word' id='word_1_39' title='bbox 1081 758 1127 765; x_wconf 89' lang='lat'>-</span> <span class='ocrx_word' id='word_1_40' title='bbox 1160 734 1288 778; x_wconf 89' lang='lat' dir='ltr'><strong>immo</strong></span> <span class='ocrx_word' id='word_1_41' title='bbox 1317 749 1417 778; x_wconf 85' lang='lat' dir='ltr'><strong>vero</strong></span> 
     </span>
     <span class='ocr_line' id='line_1_7' title="bbox 301 811 1419 868; baseline -0.003 -11"><span class='ocrx_word' id='word_1_42' title='bbox 301 814 480 857; x_wconf 87' lang='lat' dir='ltr'><strong>maxima</strong></span> <span class='ocrx_word' id='word_1_43' title='bbox 516 827 644 868; x_wconf 83' lang='lat' dir='ltr'><strong>cura3</strong></span> <span class='ocrx_word' id='word_1_44' title='bbox 691 813 733 855; x_wconf 91' lang='lat' dir='ltr'><strong>in</strong></span> <span class='ocrx_word' id='word_1_45' title='bbox 776 812 982 856; x_wconf 87' lang='lat' dir='ltr'><strong>nonnullis</strong></span> <span class='ocrx_word' id='word_1_46' title='bbox 1022 811 1124 855; x_wconf 89' lang='lat' dir='ltr'><strong>locis</strong></span> <span class='ocrx_word' id='word_1_47' title='bbox 1174 811 1419 855; x_wconf 85' lang='lat' dir='ltr'><strong>custodiun-</strong></span> 
     </span>
     <span class='ocr_line' id='line_1_8' title="bbox 303 887 1415 941; baseline -0.001 -9"><span class='ocrx_word' id='word_1_48' title='bbox 303 897 398 941; x_wconf 85' lang='lat' dir='ltr'><strong>tur,</strong></span> <span class='ocrx_word' id='word_1_49' title='bbox 429 896 659 934; x_wconf 78' lang='lat' dir='ltr'><strong>servantur.</strong></span> <span class='ocrx_word' id='word_1_50' title='bbox 710 888 795 932; x_wconf 82' lang='lat' dir='ltr'><strong>Cur</strong></span> <span class='ocrx_word' id='word_1_51' title='bbox 835 889 1006 932; x_wconf 85' lang='lat' dir='ltr'><strong>autem?</strong></span> <span class='ocrx_word' id='word_1_52' title='bbox 1050 902 1102 931; x_wconf 89' lang='lat' dir='ltr'><strong>ne</strong></span> <span class='ocrx_word' id='word_1_53' title='bbox 1143 887 1232 931; x_wconf 92' lang='lat' dir='ltr'><strong>aliis</strong></span> <span class='ocrx_word' id='word_1_54' title='bbox 1262 887 1415 931; x_wconf 88' lang='lat' dir='ltr'><strong>malum</strong></span> 
     </span>
     <span class='ocr_line' id='line_1_9' title="bbox 301 961 1419 1023; baseline -0.003 -12"><span class='ocrx_word' id='word_1_55' title='bbox 301 964 674 1018; x_wconf 76' lang='lat' dir='ltr'><strong>afferant,—-non</strong></span> <span class='ocrx_word' id='word_1_56' title='bbox 708 973 753 1008; x_wconf 87' lang='lat' dir='ltr'><strong>ut</strong></span> <span class='ocrx_word' id='word_1_57' title='bbox 773 965 875 1023; x_wconf 92' lang='lat' dir='ltr'><strong>ipsis</strong></span> <span class='ocrx_word' id='word_1_58' title='bbox 891 965 1047 1008; x_wconf 91' lang='lat' dir='ltr'><strong>bonum</strong></span> <span class='ocrx_word' id='word_1_59' title='bbox 1073 963 1240 1021; x_wconf 87' lang='lat' dir='ltr'><strong>aliquod</strong></span> <span class='ocrx_word' id='word_1_60' title='bbox 1258 961 1419 1008; x_wconf 86' lang='lat' dir='ltr'><strong>affera-</strong></span> 
     </span>
     <span class='ocr_line' id='line_1_10' title="bbox 300 1040 1418 1099; baseline -0.003 -13"><span class='ocrx_word' id='word_1_61' title='bbox 300 1049 368 1087; x_wconf 86' lang='lat' dir='ltr'><strong>tur</strong></span> <span class='ocrx_word' id='word_1_62' title='bbox 379 1075 390 1095; x_wconf 96' lang='lat'><strong>,</strong></span> <span class='ocrx_word' id='word_1_63' title='bbox 407 1056 491 1086; x_wconf 90' lang='lat' dir='ltr'><strong>non</strong></span> <span class='ocrx_word' id='word_1_64' title='bbox 508 1049 550 1086; x_wconf 90' lang='lat' dir='ltr'><strong>ut</strong></span> <span class='ocrx_word' id='word_1_65' title='bbox 563 1041 729 1086; x_wconf 85' lang='lat' dir='ltr'><strong>sanitati</strong></span> <span class='ocrx_word' id='word_1_66' title='bbox 747 1040 1013 1085; x_wconf 83' lang='lat' dir='ltr'><strong>restituantur</strong></span> <span class='ocrx_word' id='word_1_67' title='bbox 1026 1073 1036 1093; x_wconf 85' lang='lat'><strong>,</strong></span> <span class='ocrx_word' id='word_1_68' title='bbox 1055 1055 1140 1084; x_wconf 86' lang='lat' dir='ltr'><strong>non</strong></span> <span class='ocrx_word' id='word_1_69' title='bbox 1157 1047 1202 1083; x_wconf 93' lang='lat' dir='ltr'><strong>ut</strong></span> <span class='ocrx_word' id='word_1_70' title='bbox 1219 1040 1299 1099; x_wconf 90' lang='lat' dir='ltr'><strong>ipsi</strong></span> <span class='ocrx_word' id='word_1_71' title='bbox 1312 1055 1418 1098; x_wconf 83' lang='lat' dir='ltr'><strong>gau-</strong></span> 
     </span>
     <span class='ocr_line' id='line_1_11' title="bbox 301 1117 1416 1176; baseline -0.004 -13"><span class='ocrx_word' id='word_1_72' title='bbox 301 1120 454 1172; x_wconf 83' lang='lat' dir='ltr'><strong>deant,</strong></span> <span class='ocrx_word' id='word_1_73' title='bbox 496 1126 620 1175; x_wconf 83' lang='lat' dir='ltr'><strong>atque</strong></span> <span class='ocrx_word' id='word_1_74' title='bbox 661 1118 832 1162; x_wconf 89' lang='lat' dir='ltr'><strong>honesta</strong></span> <span class='ocrx_word' id='word_1_75' title='bbox 866 1118 1077 1176; x_wconf 87' lang='lat' dir='ltr'><strong>voluptate</strong></span> <span class='ocrx_word' id='word_1_76' title='bbox 1115 1117 1322 1160; x_wconf 84' lang='lat' dir='ltr'><strong>fruantur.</strong></span> <span class='ocrx_word' id='word_1_77' title='bbox 1362 1141 1416 1148; x_wconf 95' lang='lat'><strong>—-</strong></span> 
     </span>
     <span class='ocr_line' id='line_1_12' title="bbox 301 1192 1416 1254; baseline -0.001 -16"><span class='ocrx_word' id='word_1_78' title='bbox 301 1194 439 1254; x_wconf 87' lang='lat' dir='ltr'><strong>Saepe</strong></span> <span class='ocrx_word' id='word_1_79' title='bbox 476 1208 569 1238; x_wconf 86' lang='lat' dir='ltr'><strong>sors</strong></span> <span class='ocrx_word' id='word_1_80' title='bbox 605 1194 894 1238; x_wconf 84' lang='lat' dir='ltr'><strong>Maniacorum</strong></span> <span class='ocrx_word' id='word_1_81' title='bbox 938 1193 1074 1236; x_wconf 88' lang='lat' dir='ltr'><strong>minus</strong></span> <span class='ocrx_word' id='word_1_82' title='bbox 1118 1193 1225 1236; x_wconf 89' lang='lat' dir='ltr'><strong>foret</strong></span> <span class='ocrx_word' id='word_1_83' title='bbox 1263 1192 1416 1251; x_wconf 90' lang='lat' dir='ltr'><strong>deplo-</strong></span> 
     </span>
     <span class='ocr_line' id='line_1_13' title="bbox 301 1268 1416 1324; baseline -0.004 -10"><span class='ocrx_word' id='word_1_84' title='bbox 301 1270 457 1324; x_wconf 85' lang='lat' dir='ltr'><strong>randa,</strong></span> <span class='ocrx_word' id='word_1_85' title='bbox 489 1270 523 1314; x_wconf 90' lang='lat' dir='ltr'><strong>si</strong></span> <span class='ocrx_word' id='word_1_86' title='bbox 555 1270 647 1313; x_wconf 88' lang='lat' dir='ltr'><strong>talis</strong></span> <span class='ocrx_word' id='word_1_87' title='bbox 688 1283 787 1313; x_wconf 88' lang='lat' dir='ltr'><strong>cura</strong></span> <span class='ocrx_word' id='word_1_88' title='bbox 812 1277 851 1313; x_wconf 86' lang='lat' dir='ltr'><strong>et</strong></span> <span class='ocrx_word' id='word_1_89' title='bbox 879 1268 1068 1312; x_wconf 85' lang='lat' dir='ltr'><strong>custodia</strong></span> <span class='ocrx_word' id='word_1_90' title='bbox 1097 1268 1207 1311; x_wconf 86' lang='lat' dir='ltr'><strong>nulla</strong></span> <span class='ocrx_word' id='word_1_91' title='bbox 1233 1268 1416 1311; x_wconf 87' lang='lat' dir='ltr'><strong>exstitis-</strong></span> 
     </span>
     <span class='ocr_line' id='line_1_14' title="bbox 301 1345 1415 1404; baseline -0.003 -13"><span class='ocrx_word' id='word_1_92' title='bbox 301 1355 384 1400; x_wconf 86' lang='lat' dir='ltr'><strong>set,</strong></span> <span class='ocrx_word' id='word_1_93' title='bbox 429 1347 626 1404; x_wconf 89' lang='lat' dir='ltr'><strong>quoniam</strong></span> <span class='ocrx_word' id='word_1_94' title='bbox 665 1345 869 1403; x_wconf 88' lang='lat' dir='ltr'><strong>ejusmodi</strong></span> <span class='ocrx_word' id='word_1_95' title='bbox 906 1360 1001 1389; x_wconf 88' lang='lat' dir='ltr'><strong>vere</strong></span> <span class='ocrx_word' id='word_1_96' title='bbox 1043 1353 1133 1398; x_wconf 87' lang='lat' dir='ltr'><strong>est,</strong></span> <span class='ocrx_word' id='word_1_97' title='bbox 1188 1352 1234 1393; x_wconf 85' lang='lat' dir='ltr'><strong>ut</strong></span> <span class='ocrx_word' id='word_1_98' title='bbox 1278 1345 1415 1404; x_wconf 87' lang='lat' dir='ltr'><strong>ipsum</strong></span> 
     </span>
     <span class='ocr_line' id='line_1_15' title="bbox 300 1422 1154 1467; baseline 0 -1"><span class='ocrx_word' id='word_1_99' title='bbox 300 1423 428 1466; x_wconf 87' lang='lat' dir='ltr'><strong>animi</strong></span> <span class='ocrx_word' id='word_1_100' title='bbox 458 1423 651 1467; x_wconf 88' lang='lat' dir='ltr'><strong>morbum</strong></span> <span class='ocrx_word' id='word_1_101' title='bbox 688 1422 962 1467; x_wconf 81' lang='lat' dir='ltr'><strong>insanabilem</strong></span> <span class='ocrx_word' id='word_1_102' title='bbox 994 1422 1154 1466; x_wconf 81' lang='lat' dir='ltr'><strong>reddat.</strong></span> 
     </span>
    </p>

    <p class='ocr_par' dir='ltr' id='par_1_4' title="bbox 290 1499 1426 2400">
     <span class='ocr_line' id='line_1_16' title="bbox 356 1499 1411 1559; baseline 0 -16"><span class='ocrx_word' id='word_1_103' title='bbox 356 1501 512 1543; x_wconf 87' lang='lat' dir='ltr'><strong>Nostro</strong></span> <span class='ocrx_word' id='word_1_104' title='bbox 548 1508 739 1559; x_wconf 87' lang='lat' dir='ltr'><strong>tempore</strong></span> <span class='ocrx_word' id='word_1_105' title='bbox 790 1500 878 1542; x_wconf 90' lang='lat' dir='ltr'><strong>Viri</strong></span> <span class='ocrx_word' id='word_1_106' title='bbox 919 1499 1250 1553; x_wconf 83' lang='lat' dir='ltr'><strong>aestumatisimi‚</strong></span> <span class='ocrx_word' id='word_1_107' title='bbox 1287 1514 1411 1544; x_wconf 91' lang='lat' dir='ltr'><strong>sensu</strong></span> 
     </span>
     <span class='ocr_line' id='line_1_17' title="bbox 299 1575 1418 1635; baseline 0.001 -16"><span class='ocrx_word' id='word_1_108' title='bbox 299 1576 481 1621; x_wconf 88' lang='lat' dir='ltr'><strong>humano</strong></span> <span class='ocrx_word' id='word_1_109' title='bbox 508 1575 735 1635; x_wconf 89' lang='lat' dir='ltr'><strong>compulsi,</strong></span> <span class='ocrx_word' id='word_1_110' title='bbox 767 1577 1006 1620; x_wconf 84' lang='lat' dir='ltr'><strong>societatem</strong></span> <span class='ocrx_word' id='word_1_111' title='bbox 1023 1577 1100 1620; x_wconf 91' lang='lat' dir='ltr'><strong>sub</strong></span> <span class='ocrx_word' id='word_1_112' title='bbox 1128 1576 1255 1633; x_wconf 79' lang='lat' dir='ltr'><strong>Regis</strong></span> <span class='ocrx_word' id='word_1_113' title='bbox 1271 1577 1418 1635; x_wconf 91' lang='lat' dir='ltr'><strong>auspi-</strong></span> 
     </span>
     <span class='ocr_line' id='line_1_18' title="bbox 299 1652 1417 1703; baseline 0 -7"><span class='ocrx_word' id='word_1_114' title='bbox 299 1652 373 1696; x_wconf 87' lang='lat' dir='ltr'><strong>ciis</strong></span> <span class='ocrx_word' id='word_1_115' title='bbox 396 1653 575 1696; x_wconf 88' lang='lat' dir='ltr'><strong>inierunt</strong></span> <span class='ocrx_word' id='word_1_116' title='bbox 598 1681 608 1700; x_wconf 79' lang='lat'><strong>,</strong></span> <span class='ocrx_word' id='word_1_117' title='bbox 642 1666 691 1696; x_wconf 92' lang='lat' dir='ltr'><strong>eo</strong></span> <span class='ocrx_word' id='word_1_118' title='bbox 727 1652 925 1703; x_wconf 86' lang='lat' dir='ltr'><strong>consilio,</strong></span> <span class='ocrx_word' id='word_1_119' title='bbox 957 1660 1001 1695; x_wconf 84' lang='lat' dir='ltr'><strong>ut</strong></span> <span class='ocrx_word' id='word_1_120' title='bbox 1039 1653 1174 1696; x_wconf 87' lang='lat' dir='ltr'><strong>furum</strong></span> <span class='ocrx_word' id='word_1_121' title='bbox 1214 1653 1417 1696; x_wconf 87' lang='lat' dir='ltr'><strong>aliorum-</strong></span> 
     </span>
     <span class='ocr_line' id='line_1_19' title="bbox 299 1728 1415 1787; baseline -0.001 -14"><span class='ocrx_word' id='word_1_122' title='bbox 299 1744 381 1786; x_wconf 81' lang='lat' dir='ltr'><strong>que</strong></span> <span class='ocrx_word' id='word_1_123' title='bbox 406 1729 647 1782; x_wconf 83' lang='lat' dir='ltr'><strong>hominum,</strong></span> <span class='ocrx_word' id='word_1_124' title='bbox 678 1736 856 1787; x_wconf 86' lang='lat' dir='ltr'><strong>propter</strong></span> <span class='ocrx_word' id='word_1_125' title='bbox 892 1729 1156 1772; x_wconf 87' lang='lat' dir='ltr'><strong>commissum</strong></span> <span class='ocrx_word' id='word_1_126' title='bbox 1189 1729 1345 1773; x_wconf 86' lang='lat' dir='ltr'><strong>crimen</strong></span> <span class='ocrx_word' id='word_1_127' title='bbox 1372 1728 1415 1772; x_wconf 90' lang='lat' dir='ltr'><strong>in</strong></span> 
     </span>
     <span class='ocr_line' id='line_1_20' title="bbox 300 1805 1415 1862; baseline 0 -12"><span class='ocrx_word' id='word_1_128' title='bbox 300 1820 510 1850; x_wconf 81' lang='lat' dir='ltr'><strong>carcerem</strong></span> <span class='ocrx_word' id='word_1_129' title='bbox 566 1806 850 1861; x_wconf 87' lang='lat' dir='ltr'><strong>conjectorum</strong></span> <span class='ocrx_word' id='word_1_130' title='bbox 875 1836 887 1858; x_wconf 92' lang='lat'>‚</span> <span class='ocrx_word' id='word_1_131' title='bbox 964 1805 1219 1862; x_wconf 84' lang='lat' dir='ltr'><strong>corrigendo</strong></span> <span class='ocrx_word' id='word_1_132' title='bbox 1275 1820 1415 1850; x_wconf 88' lang='lat' dir='ltr'><strong>mores</strong></span> 
     </span>
     <span class='ocr_line' id='line_1_21' title="bbox 300 1882 1415 1940; baseline 0 -13"><span class='ocrx_word' id='word_1_133' title='bbox 300 1891 454 1927; x_wconf 79' lang='lat' dir='ltr'><strong>sortem</strong></span> <span class='ocrx_word' id='word_1_134' title='bbox 502 1882 675 1926; x_wconf 82' lang='lat' dir='ltr'><strong>lenirent</strong></span> <span class='ocrx_word' id='word_1_135' title='bbox 730 1889 853 1938; x_wconf 79' lang='lat' dir='ltr'><strong>atque</strong></span> <span class='ocrx_word' id='word_1_136' title='bbox 909 1882 1190 1926; x_wconf 81' lang='lat' dir='ltr'><strong>emendarent.</strong></span> <span class='ocrx_word' id='word_1_137' title='bbox 1286 1883 1415 1940; x_wconf 84' lang='lat' dir='ltr'><strong>Quod</strong></span> 
     </span>
     <span class='ocr_line' id='line_1_22' title="bbox 296 1957 1414 2015; baseline 0.001 -13"><span class='ocrx_word' id='word_1_138' title='bbox 296 1959 513 2003; x_wconf 67' lang='lat' dir='ltr'><strong>consilium</strong></span> <span class='ocrx_word' id='word_1_139' title='bbox 541 1957 634 2015; x_wconf 88' lang='lat' dir='ltr'><strong>quis</strong></span> <span class='ocrx_word' id='word_1_140' title='bbox 670 1965 753 2010; x_wconf 83' lang='lat' dir='ltr'><strong>est,</strong></span> <span class='ocrx_word' id='word_1_141' title='bbox 787 1959 856 2014; x_wconf 91' lang='lat' dir='ltr'><strong>qui</strong></span> <span class='ocrx_word' id='word_1_142' title='bbox 886 1972 970 2001; x_wconf 91' lang='lat' dir='ltr'><strong>non</strong></span> <span class='ocrx_word' id='word_1_143' title='bbox 1006 1959 1168 2013; x_wconf 77' lang='lat' dir='ltr'><strong>laudet3</strong></span> <span class='ocrx_word' id='word_1_144' title='bbox 1200 1959 1292 2015; x_wconf 90' lang='lat' dir='ltr'><strong>quis</strong></span> <span class='ocrx_word' id='word_1_145' title='bbox 1326 1967 1414 2013; x_wconf 90' lang='lat' dir='ltr'><strong>est,</strong></span> 
     </span>
     <span class='ocr_line' id='line_1_23' title="bbox 295 2035 1426 2093; baseline 0.001 -14"><span class='ocrx_word' id='word_1_146' title='bbox 295 2037 368 2093; x_wconf 85' lang='lat' dir='ltr'><strong>qui</strong></span> <span class='ocrx_word' id='word_1_147' title='bbox 407 2050 491 2079; x_wconf 91' lang='lat' dir='ltr'><strong>non</strong></span> <span class='ocrx_word' id='word_1_148' title='bbox 536 2035 739 2093; x_wconf 81' lang='lat' dir='ltr'><strong>gaudeat,</strong></span> <span class='ocrx_word' id='word_1_149' title='bbox 796 2035 831 2078; x_wconf 87' lang='lat' dir='ltr'><strong>si</strong></span> <span class='ocrx_word' id='word_1_150' title='bbox 861 2035 964 2078; x_wconf 83' lang='lat' dir='ltr'><strong>haec</strong></span> <span class='ocrx_word' id='word_1_151' title='bbox 994 2035 1198 2079; x_wconf 83' lang='lat' dir='ltr'><strong>institutio</strong></span> <span class='ocrx_word' id='word_1_152' title='bbox 1237 2050 1308 2079; x_wconf 87' lang='lat' dir='ltr'><strong>eos</strong></span> <span class='ocrx_word' id='word_1_153' title='bbox 1335 2037 1426 2080; x_wconf 64' lang='lat' dir='ltr'><strong>sert&gt;</strong></span> 
     </span>
     <span class='ocr_line' id='line_1_24' title="bbox 298 2111 1415 2170; baseline 0.002 -15"><span class='ocrx_word' id='word_1_154' title='bbox 298 2113 482 2166; x_wconf 76' lang='lat' dir='ltr'><strong>fructus,</strong></span> <span class='ocrx_word' id='word_1_155' title='bbox 514 2120 557 2156; x_wconf 92' lang='lat' dir='ltr'><strong>ut</strong></span> <span class='ocrx_word' id='word_1_156' title='bbox 584 2127 632 2155; x_wconf 84' lang='lat' dir='ltr'><strong>ex</strong></span> <span class='ocrx_word' id='word_1_157' title='bbox 664 2111 728 2154; x_wconf 81' lang='lat' dir='ltr'><strong>his</strong></span> <span class='ocrx_word' id='word_1_158' title='bbox 760 2111 935 2170; x_wconf 82' lang='lat' dir='ltr'><strong>captivis</strong></span> <span class='ocrx_word' id='word_1_159' title='bbox 966 2111 1159 2170; x_wconf 84' lang='lat' dir='ltr'><strong>plurimi,</strong></span> <span class='ocrx_word' id='word_1_160' title='bbox 1187 2112 1415 2157; x_wconf 84' lang='lat' dir='ltr'><strong>emendatis</strong></span> 
     </span>
     <span class='ocr_line' id='line_1_25' title="bbox 296 2188 1413 2246; baseline 0.001 -14"><span class='ocrx_word' id='word_1_161' title='bbox 296 2189 619 2246; x_wconf 79' lang='lat' dir='ltr'><strong>temperatisque</strong></span> <span class='ocrx_word' id='word_1_162' title='bbox 649 2188 858 2239; x_wconf 81' lang='lat' dir='ltr'><strong>moribus,</strong></span> <span class='ocrx_word' id='word_1_163' title='bbox 891 2189 1000 2231; x_wconf 84' lang='lat' dir='ltr'><strong>inter</strong></span> <span class='ocrx_word' id='word_1_164' title='bbox 1035 2189 1171 2231; x_wconf 89' lang='lat' dir='ltr'><strong>bonos</strong></span> <span class='ocrx_word' id='word_1_165' title='bbox 1192 2188 1314 2233; x_wconf 83' lang='lat' dir='ltr'><strong>Cives</strong></span> <span class='ocrx_word' id='word_1_166' title='bbox 1336 2190 1413 2233; x_wconf 87' lang='lat' dir='ltr'><strong>de-</strong></span> 
     </span>
     <span class='ocr_line' id='line_1_26' title="bbox 295 2253 1425 2323; baseline 0.004 -17"><span class='ocrx_word' id='word_1_167' title='bbox 295 2278 378 2308; x_wconf 86' lang='lat' dir='ltr'><strong>nuo</strong></span> <span class='ocrx_word' id='word_1_168' title='bbox 413 2264 544 2322; x_wconf 87' lang='lat' dir='ltr'><strong>recipi</strong></span> <span class='ocrx_word' id='word_1_169' title='bbox 573 2253 761 2323; x_wconf 66' lang='lat' dir='ltr'><strong>possint,</strong></span> <span class='ocrx_word' id='word_1_170' title='bbox 792 2265 848 2307; x_wconf 81' lang='lat' dir='ltr'><strong>ita</strong></span> <span class='ocrx_word' id='word_1_171' title='bbox 880 2273 923 2308; x_wconf 81' lang='lat' dir='ltr'><strong>ut</strong></span> <span class='ocrx_word' id='word_1_172' title='bbox 956 2265 1192 2323; x_wconf 78' lang='lat' dir='ltr'><strong>probitate,</strong></span> <span class='ocrx_word' id='word_1_173' title='bbox 1226 2266 1425 2311; x_wconf 71' lang='lat' dir='ltr'><strong>honestis</strong></span> 
     </span>
     <span class='ocr_line' id='line_1_27' title="bbox 290 2340 1413 2400; baseline 0.002 -16"><span class='ocrx_word' id='word_1_174' title='bbox 290 2349 331 2384; x_wconf 80' lang='lat' dir='ltr'><strong>et</strong></span> <span class='ocrx_word' id='word_1_175' title='bbox 359 2340 525 2384; x_wconf 80' lang='lat' dir='ltr'><strong>utilibus</strong></span> <span class='ocrx_word' id='word_1_176' title='bbox 561 2341 793 2384; x_wconf 78' lang='lat' dir='ltr'><strong>actionibus</strong></span> <span class='ocrx_word' id='word_1_177' title='bbox 830 2341 1173 2393; x_wconf 77' lang='lat' dir='ltr'><strong>crimen‚contra</strong></span> <span class='ocrx_word' id='word_1_178' title='bbox 1208 2343 1317 2400; x_wconf 82' lang='lat' dir='ltr'><strong>leges</strong></span> <span class='ocrx_word' id='word_1_179' title='bbox 1345 2352 1413 2387; x_wconf 84' lang='lat' dir='ltr'><strong>at-</strong></span> 
     </span>
    </p>
   </div>
  </div>
 </body>
</html>
