1492 2896
276 259 325 300 ,φ
671 245 991 295 DtsQUtsiTto

279 366 472 394 numerum
502 353 758 402 eligebantur,
797 355 862 401 qui
900 355 1043 402 populo
1085 363 1171 401 post
1211 354 1392 402 praeclar-e

280 434 424 474 gestum
454 424 707 472 magistratum
736 424 881 471 probati
911 433 983 460 tam
1022 425 1140 469 legum
1173 435 1279 470 quam
1314 435 1394 460 mo-

279 494 365 532 ralis
391 494 528 532 civium
552 494 778 531 conditionis
801 494 955 531 maxime
977 505 1101 531 curam
1123 494 1390 541 haberento).

271 564 494 616 judicabant
524 573 644 601 autem
678 564 881 601 secundum
910 565 1036 610 leges,
1070 574 1163 610 quae
1201 570 1396 610 praecepta

278 634 324 674 de
348 632 551 671 virtutibus
575 644 615 669 ac
645 632 744 670 vitiis
769 633 1111 680 complectebantur
1127 660 1139 678 ,
1166 632 1305 680 quibus
1325 631 1395 668 ob-

277 713 478 752 sequentes
506 703 607 741 cives
631 703 724 740 bene
749 712 950 750 sancteque
976 703 1157 739 viverent.
1227 701 1392 750 Lycurgi

276 783 398 821 autem
437 775 643 821 exemplum
681 783 832 811 secutus
871 784 993 810 curam
1031 771 1235 819 primariam
1273 771 1389 809 Solon

276 843 407 890 posuit
425 842 472 880 'in
499 854 699 890 puerorum
729 843 972 887 educatione,
1008 854 1123 890 quum
1152 841 1301 890 publice
1326 852 1391 879 eos

276 912 425 951 institui
458 914 503 951 ad
537 913 709 951 virtutem
739 913 782 950 ab
810 912 963 960 optimis
988 911 1291 960 praeceptoribus
1316 912 1392 949 vel-

277 984 356 1030 let3
385 983 515 1021 deinde
541 995 630 1021 vero
659 995 677 1020 e
701 983 828 1031 pueris
858 994 1030 1031 egressos
1060 982 1096 1020 in
1124 982 1316 1031 gymnasio
1344 982 1395 1020 le-

278 1051 414 1100 gibus,
462 1063 606 1090 morum
647 1053 832 1090 honestati
881 1052 1037 1090 maxime
1078 1050 1394 1098 accommodatis,

281 1121 470 1168 assuefieri
487 1150 500 1168 ,
531 1133 606 1169 quo
633 1121 748 1168 magis
774 1122 819 1158 ad
843 1122 1018 1159 virtutem
1041 1131 1182 1158 mature
1209 1120 1396 1158 informati

278 1190 376 1228 virili
416 1199 534 1228 aetate
576 1191 684 1239 probi
712 1192 906 1228 evaderent
933 1191 1158 1239 honestique
1184 1190 1284 1227 cives
1310 1191 1393 1238 (2).

329 1261 459 1308 Itaque
495 1262 596 1308 quod
623 1261 660 1298 in
691 1261 757 1298 hac
783 1271 910 1298 nostra
934 1260 1187 1309 disputatione
1214 1260 1395 1309 imprimis

279 1339 336 1375 est
379 1331 603 1377 tenendum,
644 1331 742 1379 leges
785 1331 956 1377 antiquae
997 1343 1113 1368 mores
1146 1330 1394 1378 spectabant,

280 1400 441 1449 moribus
480 1410 581 1438 erant
616 1400 792 1438 fundatae
824 1400 912 1450 (3).
968 1401 1073 1450 Quae
1111 1412 1212 1438 more
1245 1410 1281 1438 et
1308 1411 1393 1438 con-

277 1469 475 1519 suetudine
503 1480 646 1517 recepta
673 1469 843 1516 fuerant,
873 1480 1031 1517 postero
1060 1480 1229 1518 tempore
1259 1468 1410 1513 firmaris

278 1538 421 1587 legibus
445 1551 576 1588 coepta
598 1549 701 1578 sunt.
747 1541 861 1577 Erant
889 1541 980 1577 adeo
1009 1541 1110 1588 leges
1137 1541 1183 1577 ad
1207 1540 1392 1587 antiquam

277 1609 530 1656 paupertatis,
560 1609 830 1656 parsimoniae,
873 1610 1156 1656 temperantiae,
1200 1609 1394 1657 probitatis

277 1689 440 1717 normam
471 1688 616 1716 exactae
634 1707 645 1724 ,
680 1679 847 1717 moribus
873 1680 1039 1726 antiquis
1067 1691 1151 1716 cum
1181 1680 1260 1727 ipsa
1287 1692 1397 1728 repu-

277 1748 375 1786 blica
398 1757 690 1796 superstructae.
732 1749 1030 1787 Conscribebant
1058 1760 1177 1787 autem
1207 1751 1305 1798 leges
1323 1750 1395 1789 viri

276 1817 497 1862 eruditiores
514 1846 526 1865 ‚
556 1820 775 1866 plerumque
803 1818 1049 1866 philosophi,
1098 1830 1212 1866 „non
1242 1829 1396 1858 conten-

1308 1886 1396 1924 tiosi

319 1951 369 1989 (ι)
394 1948 496 1980 vidd.
512 1948 552 1977 (le
565 1949 733 1987 Areopago
753 1953 784 1987 ct
797 1948 1149 1988 Areopagitislsocrat.
1166 1950 1260 1980 Orat.
1269 1949 1396 1990 Areop.

277 2003 329 2043 ed.
360 2001 474 2041 steph.
505 2012 538 2040 p.
562 2001 654 2041 147.,
689 2002 724 2029 ad
758 2013 790 2041 q.
816 2001 837 2031 l.
863 2001 937 2031 vide
964 2012 1044 2041 quos
1070 2001 1178 2032 laudat
1208 2001 1396 2045 Bergmann.

278 2057 348 2087 Cic.
374 2057 413 2085 (Ie
429 2056 494 2095 Off‘.
521 2054 596 2084 Lib.
619 2054 647 2085 Ι.
670 2065 698 2084 c·
721 2067 772 2086 22.
813 2054 888 2085 val.
914 2054 1001 2084 Max.
1031 2054 1107 2084 Lib.
1129 2055 1175 2085 ll.
1199 2065 1228 2084 c.
1249 2056 1278 2085 6.
1307 2057 1340 2095 §⁶
1363 2056 1395 2099 4.Ἰ

277 2109 410 2149 Optime
438 2113 537 2138 totam
563 2108 669 2138 curiae
697 2109 852 2139 rationem
882 2120 954 2139 cum
979 2108 1051 2138 aliis
1084 2109 1169 2138 inter
1198 2108 1393 2139 recentiores

276 2163 428 2205 exposuit
461 2163 513 2204 CI.
547 2162 656 2192 Luzac
679 2184 687 2199 ,
719 2163 752 2199 in
779 2164 872 2192 anim.
908 2164 946 2191 ad
980 2162 1074 2192 Orat.
1108 2163 1146 2192 de
1176 2163 1267 2192 Socr.
1297 2164 1394 2209 Cive,¹

276 2228 308 2256 p.
333 2217 402 2247 113.
425 2226 498 2256 sqq.
528 2216 580 2246 ecl.
603 2217 698 2246 alter.

282 2261 286 2272 ι
318 2272 365 2310 (2)
391 2269 534 2309 Legatur
556 2270 686 2299 omnino
711 2270 845 2299 [socrat.
870 2269 893 2299 1.
917 2269 940 2299 Ι.
962 2279 995 2306 p.
1022 2267 1100 2303 148,
1126 2277 1175 2306 sq.

318 2323 364 2362 (3)
390 2323 468 2353 Inde
495 2322 589 2361 apud.
619 2322 712 2362 Virg.
745 2324 828 2353 Aen.
855 2323 928 2352 tib.
959 2322 986 2351 Ι.
1019 2331 1067 2351 νε.
1093 2320 1171 2365 264,
1200 2318 1304 2365 mose&
1329 2332 1390 2362 pro

273 2377 394 2421 iegibus
421 2376 583 2419 dicuutur.
