1492 2896
611 265 666 307 33

68 397 322 445 Ductoribus
356 403 498 456 patet,
530 404 571 441 et
608 412 657 442 ex
698 412 782 455 qua
821 397 885 454 jus
924 398 1103 445 docendi
1127 399 1183 445 'in

69 482 140 520 vos
169 489 280 520 nunc
310 486 400 520 sum
431 474 670 519 collaturus.

310 630 554 689 (Formula
581 627 933 685 Promotionis.)

118 782 247 827 Jubet
278 795 376 827 vero
408 781 680 827 solemnitatis
708 782 831 840 hujus
870 781 1003 836 ordo,
1030 789 1077 827 ut
1104 795 1181 827 οι·-

63 873 159 904 nem
188 844 521 905 vos'Doctorum
552 859 808 918 insignibus,
841 873 1020 918 quorum
1046 859 1179 919 signi-

62 936 201 980 ficatio
230 937 412 983 breviter
442 937 689 998 explicanda
720 927 796 982 est.
865 983 869 988 ,
912 952 915 953 ’

82 1020 86 1041 -’
119 1012 284 1071 Togam
313 1013 397 1070 jam
428 1014 645 1068 induistis,
676 1014 833 1059 virilem
869 1014 1005 1067 illam,
1035 1012 1178 1070 gravi-

60 1089 345 1142 tatis,2viru1n
381 1089 551 1135 doctum
594 1091 808 1144 ornantis,
847 1090 1033 1148 insigne,
1063 1090 1179 1147 quod

58 1168 179 1213 simul
234 1167 420 1212 declarat
474 1183 614 1213 veram
662 1175 842 1213 vestram
894 1167 1178 1221 nobilitatem.

57 1244 171 1290 Haec
202 1244 328 1304 igitur
368 1245 507 1290 vestis>
529 1246 723 1290 conciliet
759 1244 878 1297 vobis
898 1243 1148 1297 ,felicitatem
1165 1275 1178 1298 ,

56 1322 238 1377 famam,
269 1323 470 1382 gloriam,
503 1338 553 1367 ex
584 1323 723 1368 animo
754 1329 874 1382 opto.

58 1414 62 1423 ²
114 1401 313 1456 Librum,
345 1416 394 1446 ex
414 1415 531 1445 more
552 1400 751 1458 antiquo,
784 1398 1006 1444 ostendam
1033 1398 1175 1452 vobis,

54 1477 235 1538 primum
270 1486 488 1538 apertum,
517 1492 613 1522 mox
643 1492 743 1522 vero
774 1478 972 1521 clausum.
1034 1476 1178 1535 Aper-

53 1562 120 1600 tus
148 1555 354 1614 significat
389 1555 595 1599 assiduam
630 1547 887 1613 optimorum
918 1553 1172 1613 scriptorum

52 1633 269 1681 lectionem
298 1648 321 1677 a
349 1647 448 1677 vero
480 1633 664 1676 Naturae
691 1638 925 1676 scrutatore
958 1644 1173 1688 nunquam

53 1726 142 1756 esse
171 1710 479 1756 remittendam.

109 1787 326 1832 Clauditur
353 1802 452 1832 vero
477 1787 606 1840 liber,
637 1793 682 1830 ut
703 1785 939 1843 intelligitas
962 1799 1051 1828 non
1074 1796 1173 1828 mo-

52 1865 107 1908 do
152 1865 326 1922 legendo
371 1863 579 1923 explorari
620 1877 746 1921 posse
786 1863 971 1906 Naturae
1015 1875 1172 1906 arcana

31 1942 126 1987 'sed
142 1941 264 1986 etiam
283 1941 570 1993 observando,
602 1938 881 1998 experiundo,
910 1937 1169 1984 meditando·
1205 1926 1207 1931 ‚

107 2020 203 2064 Non
228 2019 420 2076 equidem
451 2018 494 2061 in
522 2031 572 2061 eo
604 2024 786 2061 veterum
814 2029 974 2059 morem
1004 2022 1169 2059 secutus

49 2104 242 2150 sum‚1ut
276 2095 396 2141 vobis
429 2092 629 2139 offerrem
663 2088 908 2158 Aristoteles
935 2090 1113 2145 librum,
1146 2107 1171 2136 a

52 2190 138 2232 quo
155 2207 166 2228 ,
197 2182 400 2231 tanquam
426 2188 451 2216 a
481 2171 671 2231 principe
698 2168 1053 2228 Philosophorum
1079 2167 1172 2212 dis-

50 2251 218 2304 cedere,
249 2251 366 2294 nesas
402 2249 608 2293 duxerunt
642 2247 823 2303 majores
855 2245 1011 2299 nostri,
1043 2260 1169 2303 quem

51 2327 212 2372 unicum
243 2335 280 2372 et
308 2341 513 2372 summum
546 2326 587 2368 in
618 2324 893 2383 Philosophia
925 2323 1168 2382 magistrum
