<?xml version="1.0" encoding="UTF-8"?>
<!DOCTYPE html PUBLIC "-//W3C//DTD XHTML 1.0 Transitional//EN"
    "http://www.w3.org/TR/xhtml1/DTD/xhtml1-transitional.dtd">
<html xmlns="http://www.w3.org/1999/xhtml" xml:lang="en" lang="en">
 <head>
  <title>
</title>
<meta http-equiv="Content-Type" content="text/html;charset=utf-8" />
  <meta name='ocr-system' content='tesseract 3.04.00' />
  <meta name='ocr-capabilities' content='ocr_page ocr_carea ocr_par ocr_line ocrx_word'/>
</head>
<body>
  <div class='ocr_page' id='page_1' title='image "annalesacademiae36acad_0359.png"; bbox 0 0 1492 2896; ppageno 0'>
   <div class='ocr_carea' id='block_1_1' title="bbox 254 260 1183 313">
    <p class='ocr_par' dir='ltr' id='par_1_1' title="bbox 254 260 1183 313">
     <span class='ocr_line' id='line_1_1' title="bbox 254 260 1183 313; baseline 0.001 -12"><span class='ocrx_word' id='word_1_1' title='bbox 254 260 642 301; x_wconf 91' lang='lat' dir='ltr'>PHILOSOPHICO</span> <span class='ocrx_word' id='word_1_2' title='bbox 656 285 672 292; x_wconf 94' lang='lat'>-</span> <span class='ocrx_word' id='word_1_3' title='bbox 685 260 996 302; x_wconf 87' lang='lat' dir='ltr'>HISTORICA.</span> <span class='ocrx_word' id='word_1_4' title='bbox 1136 275 1183 313; x_wconf 81' lang='lat'>23</span> 
     </span>
    </p>
   </div>
   <div class='ocr_carea' id='block_1_2' title="bbox 22 371 1194 2094">
    <p class='ocr_par' dir='ltr' id='par_1_2' title="bbox 22 371 1194 2094">
     <span class='ocr_line' id='line_1_2' title="bbox 73 371 1183 419; baseline -0.001 -9"><span class='ocrx_word' id='word_1_5' title='bbox 73 372 225 419; x_wconf 86' lang='lat' dir='ltr'>citoque</span> <span class='ocrx_word' id='word_1_6' title='bbox 250 382 372 409; x_wconf 89' lang='lat' dir='ltr'>amore</span> <span class='ocrx_word' id='word_1_7' title='bbox 398 371 434 408; x_wconf 86' lang='lat' dir='ltr'>in</span> <span class='ocrx_word' id='word_1_8' title='bbox 459 371 608 409; x_wconf 84' lang='lat' dir='ltr'>civitate</span> <span class='ocrx_word' id='word_1_9' title='bbox 629 384 704 410; x_wconf 89' lang='lat' dir='ltr'>non</span> <span class='ocrx_word' id='word_1_10' title='bbox 726 373 953 411; x_wconf 88' lang='lat' dir='ltr'>admittendo</span> <span class='ocrx_word' id='word_1_11' title='bbox 979 371 1183 419; x_wconf 82' lang='lat' dir='ltr'>disputavit</span> 
     </span>
     <span class='ocr_line' id='line_1_3' title="bbox 72 441 1185 490; baseline 0 -12"><span class='ocrx_word' id='word_1_12' title='bbox 72 442 227 490; x_wconf 74' lang='lat' dir='ltr'>eJusque</span> <span class='ocrx_word' id='word_1_13' title='bbox 249 441 413 478; x_wconf 87' lang='lat' dir='ltr'>ostendit</span> <span class='ocrx_word' id='word_1_14' title='bbox 435 442 701 488; x_wconf 81' lang='lat' dir='ltr'><strong>turpitudinem</strong></span> <span class='ocrx_word' id='word_1_15' title='bbox 715 470 728 489; x_wconf 81' lang='grc'><strong>,</strong></span> <span class='ocrx_word' id='word_1_16' title='bbox 753 443 804 479; x_wconf 91' lang='lat' dir='ltr'>sic</span> <span class='ocrx_word' id='word_1_17' title='bbox 822 443 952 480; x_wconf 82' lang='lat' dir='ltr'>deinde</span> <span class='ocrx_word' id='word_1_18' title='bbox 975 442 1082 490; x_wconf 90' lang='lat' dir='ltr'>loqui</span> <span class='ocrx_word' id='word_1_19' title='bbox 1100 452 1185 489; x_wconf 88' lang='lat' dir='ltr'>per-</span> 
     </span>
     <span class='ocr_line' id='line_1_4' title="bbox 72 509 1179 561; baseline 0.004 -12"><span class='ocrx_word' id='word_1_20' title='bbox 72 509 147 557; x_wconf 81' lang='lat' dir='ltr'>git:</span> <span class='ocrx_word' id='word_1_21' title='bbox 180 538 204 558; x_wconf 88' lang='lat'>„</span> <span class='ocrx_word' id='word_1_22' title='bbox 216 513 283 555; x_wconf 81' lang='grc' dir='ltr'>Τίς</span> <span class='ocrx_word' id='word_1_23' title='bbox 300 511 356 552; x_wconf 76' lang='grc' dir='ltr'>οὖν</span> <span class='ocrx_word' id='word_1_24' title='bbox 380 513 561 560; x_wconf 70' lang='grc' dir='ltr'><em>ἀνθρώπων</em></span> <span class='ocrx_word' id='word_1_25' title='bbox 583 516 686 552; x_wconf 75' lang='grc' dir='ltr'><em>’τοῦτο</em></span> <span class='ocrx_word' id='word_1_26' title='bbox 710 514 744 552; x_wconf 80' lang='grc' dir='ltr'>ὃν</span> <span class='ocrx_word' id='word_1_27' title='bbox 768 517 919 553; x_wconf 73' lang='grc' dir='ltr'><em>τοιοῦτον</em></span> <span class='ocrx_word' id='word_1_28' title='bbox 939 514 1179 561; x_wconf 65' lang='grc' dir='ltr'><em>νομοθετήσεις</em></span> 
     </span>
     <span class='ocr_line' id='line_1_5' title="bbox 68 581 1130 631; baseline 0.002 -13"><span class='ocrx_word' id='word_1_29' title='bbox 68 581 198 629; x_wconf 77' lang='grc' dir='ltr'><em>σχεδὸν</em></span> <span class='ocrx_word' id='word_1_30' title='bbox 219 581 355 627; x_wconf 77' lang='grc' dir='ltr'><em>οὐδεὶς,</em></span> <span class='ocrx_word' id='word_1_31' title='bbox 384 582 476 630; x_wconf 80' lang='grc' dir='ltr'><em>ἔχων</em></span> <span class='ocrx_word' id='word_1_32' title='bbox 505 596 550 628; x_wconf 67' lang='grc' dir='ltr'>γε</span> <span class='ocrx_word' id='word_1_33' title='bbox 579 584 613 621; x_wconf 79' lang='grc' dir='ltr'>ἐν</span> <span class='ocrx_word' id='word_1_34' title='bbox 626 583 674 630; x_wconf 76' lang='grc' dir='ltr'>’τῷ</span> <span class='ocrx_word' id='word_1_35' title='bbox 700 584 744 630; x_wconf 74' lang='grc' dir='ltr'>νῷ</span> <span class='ocrx_word' id='word_1_36' title='bbox 770 583 871 629; x_wconf 75' lang='grc' dir='ltr'><em>νόμον</em></span> <span class='ocrx_word' id='word_1_37' title='bbox 892 581 1130 631; x_wconf 69' lang='grc' dir='ltr'>άληθῆ”(1).</span> 
     </span>
     <span class='ocr_line' id='line_1_6' title="bbox 119 648 1184 698; baseline 0.002 -12"><span class='ocrx_word' id='word_1_38' title='bbox 119 648 244 686; x_wconf 79' lang='lat' dir='ltr'>Paruit</span> <span class='ocrx_word' id='word_1_39' title='bbox 272 650 346 698; x_wconf 89' lang='lat' dir='ltr'>jam</span> <span class='ocrx_word' id='word_1_40' title='bbox 384 662 427 687; x_wconf 86' lang='lat' dir='ltr'>ex</span> <span class='ocrx_word' id='word_1_41' title='bbox 460 649 535 697; x_wconf 88' lang='lat' dir='ltr'>iis,</span> <span class='ocrx_word' id='word_1_42' title='bbox 574 662 666 697; x_wconf 87' lang='lat' dir='ltr'>quae</span> <span class='ocrx_word' id='word_1_43' title='bbox 702 662 721 686; x_wconf 90' lang='lat' dir='ltr'>e</span> <span class='ocrx_word' id='word_1_44' title='bbox 758 650 938 688; x_wconf 89' lang='lat' dir='ltr'>Cicerone</span> <span class='ocrx_word' id='word_1_45' title='bbox 964 659 1000 688; x_wconf 94' lang='lat' dir='ltr'>et</span> <span class='ocrx_word' id='word_1_46' title='bbox 1030 651 1184 689; x_wconf 89' lang='lat' dir='ltr'>Platone</span> 
     </span>
     <span class='ocr_line' id='line_1_7' title="bbox 68 719 1183 769; baseline 0.002 -13"><span class='ocrx_word' id='word_1_47' title='bbox 68 719 244 757; x_wconf 87' lang='lat' dir='ltr'>hactenus</span> <span class='ocrx_word' id='word_1_48' title='bbox 273 719 670 767; x_wconf 53' lang='lat' dir='ltr'>congessi‚»divinam</span> <span class='ocrx_word' id='word_1_49' title='bbox 711 719 755 756; x_wconf 80' lang='lat' dir='ltr'>ab</span> <span class='ocrx_word' id='word_1_50' title='bbox 787 719 950 767; x_wconf 83' lang='lat' dir='ltr'>antiquis</span> <span class='ocrx_word' id='word_1_51' title='bbox 989 719 1076 757; x_wconf 90' lang='lat' dir='ltr'>huic</span> <span class='ocrx_word' id='word_1_52' title='bbox 1110 720 1183 769; x_wconf 87' lang='lat' dir='ltr'>legi</span> 
     </span>
     <span class='ocr_line' id='line_1_8' title="bbox 71 788 1186 837; baseline 0.001 -11"><span class='ocrx_word' id='word_1_53' title='bbox 71 789 248 827; x_wconf 89' lang='lat' dir='ltr'>tributam</span> <span class='ocrx_word' id='word_1_54' title='bbox 273 789 391 828; x_wconf 87' lang='lat' dir='ltr'>fuisse</span> <span class='ocrx_word' id='word_1_55' title='bbox 416 788 609 837; x_wconf 84' lang='lat' dir='ltr'>originem.</span> <span class='ocrx_word' id='word_1_56' title='bbox 653 790 821 827; x_wconf 80' lang='lat' dir='ltr'>Vocatur</span> <span class='ocrx_word' id='word_1_57' title='bbox 843 790 927 827; x_wconf 81' lang='lat' dir='ltr'>inde</span> <span class='ocrx_word' id='word_1_58' title='bbox 955 801 975 827; x_wconf 86' lang='lat' dir='ltr'>a</span> <span class='ocrx_word' id='word_1_59' title='bbox 1001 789 1186 829; x_wconf 85' lang='lat' dir='ltr'>Cicerone</span> 
     </span>
     <span class='ocr_line' id='line_1_9' title="bbox 74 859 1185 908; baseline 0.001 -12"><span class='ocrx_word' id='word_1_60' title='bbox 74 868 207 906; x_wconf 85' lang='lat' dir='ltr'>„recta</span> <span class='ocrx_word' id='word_1_61' title='bbox 237 867 272 897; x_wconf 88' lang='lat' dir='ltr'>et</span> <span class='ocrx_word' id='word_1_62' title='bbox 294 871 314 898; x_wconf 89' lang='lat' dir='ltr'>a</span> <span class='ocrx_word' id='word_1_63' title='bbox 336 859 488 897; x_wconf 87' lang='lat' dir='ltr'>numine</span> <span class='ocrx_word' id='word_1_64' title='bbox 517 861 681 898; x_wconf 85' lang='lat' dir='ltr'>Deorum</span> <span class='ocrx_word' id='word_1_65' title='bbox 709 870 821 897; x_wconf 84' lang='lat' dir='ltr'>tracta</span> <span class='ocrx_word' id='word_1_66' title='bbox 850 860 968 906; x_wconf 76' lang='lat' dir='ltr'>ratio,</span> <span class='ocrx_word' id='word_1_67' title='bbox 1001 860 1185 908; x_wconf 87' lang='lat' dir='ltr'>imperans</span> 
     </span>
     <span class='ocr_line' id='line_1_10' title="bbox 70 929 1184 978; baseline -0.001 -10"><span class='ocrx_word' id='word_1_68' title='bbox 70 931 226 968; x_wconf 89' lang='lat' dir='ltr'>honesta</span> <span class='ocrx_word' id='word_1_69' title='bbox 243 958 256 977; x_wconf 84' lang='lat'><strong>‚</strong></span> <span class='ocrx_word' id='word_1_70' title='bbox 290 930 495 978; x_wconf 87' lang='lat' dir='ltr'>prohibens</span> <span class='ocrx_word' id='word_1_71' title='bbox 521 931 731 967; x_wconf 85' lang='lat' dir='ltr'>contraria”</span> <span class='ocrx_word' id='word_1_72' title='bbox 756 929 841 978; x_wconf 87' lang='lat'><em>(2).</em></span> <span class='ocrx_word' id='word_1_73' title='bbox 887 930 1055 969; x_wconf 86' lang='lat' dir='ltr'>Ulterius</span> <span class='ocrx_word' id='word_1_74' title='bbox 1077 930 1184 968; x_wconf 85' lang='lat' dir='ltr'>etiam</span> 
     </span>
     <span class='ocr_line' id='line_1_11' title="bbox 69 1000 1185 1050; baseline 0.001 -13"><span class='ocrx_word' id='word_1_75' title='bbox 69 1000 252 1048; x_wconf 85' lang='lat' dir='ltr'>processit</span> <span class='ocrx_word' id='word_1_76' title='bbox 265 1000 486 1038; x_wconf 85' lang='lat' dir='ltr'>Plutarchus</span> <span class='ocrx_word' id='word_1_77' title='bbox 503 1001 538 1038; x_wconf 87' lang='lat' dir='ltr'>in</span> <span class='ocrx_word' id='word_1_78' title='bbox 555 1000 683 1037; x_wconf 88' lang='lat' dir='ltr'>libello</span> <span class='ocrx_word' id='word_1_79' title='bbox 698 1000 751 1037; x_wconf 80' lang='lat' dir='ltr'>ad</span> <span class='ocrx_word' id='word_1_80' title='bbox 761 1001 968 1050; x_wconf 79' lang='lat' dir='ltr'>principem</span> <span class='ocrx_word' id='word_1_81' title='bbox 982 1000 1185 1038; x_wconf 75' lang='lat' dir='ltr'>indoctum.</span> 
     </span>
     <span class='ocr_line' id='line_1_12' title="bbox 69 1069 1189 1117; baseline 0 -10"><span class='ocrx_word' id='word_1_82' title='bbox 69 1069 145 1107; x_wconf 82' lang='lat' dir='ltr'>Hic</span> <span class='ocrx_word' id='word_1_83' title='bbox 171 1069 290 1116; x_wconf 84' lang='lat' dir='ltr'>enim,</span> <span class='ocrx_word' id='word_1_84' title='bbox 317 1070 613 1107; x_wconf 83' lang='lat' dir='ltr'>commemoratis</span> <span class='ocrx_word' id='word_1_85' title='bbox 643 1069 850 1107; x_wconf 82' lang='lat' dir='ltr'>Anaxarchi</span> <span class='ocrx_word' id='word_1_86' title='bbox 873 1069 996 1107; x_wconf 84' lang='lat' dir='ltr'>verbis</span> <span class='ocrx_word' id='word_1_87' title='bbox 1011 1098 1023 1115; x_wconf 80' lang='lat'><strong>‚</strong></span> <span class='ocrx_word' id='word_1_88' title='bbox 1046 1069 1189 1117; x_wconf 90' lang='lat' dir='ltr'>quibus</span> 
     </span>
     <span class='ocr_line' id='line_1_13' title="bbox 69 1139 1189 1189; baseline -0.002 -10"><span class='ocrx_word' id='word_1_89' title='bbox 69 1140 242 1186; x_wconf 83' lang='lat' dir='ltr'>dixerat,</span> <span class='ocrx_word' id='word_1_90' title='bbox 265 1139 333 1189; x_wconf 89' lang='lat' dir='ltr'>Jus</span> <span class='ocrx_word' id='word_1_91' title='bbox 360 1148 396 1177; x_wconf 88' lang='lat' dir='ltr'>et</span> <span class='ocrx_word' id='word_1_92' title='bbox 423 1140 491 1177; x_wconf 88' lang='lat' dir='ltr'>Fas</span> <span class='ocrx_word' id='word_1_93' title='bbox 510 1139 599 1187; x_wconf 82' lang='lat' dir='ltr'>Jovi</span> <span class='ocrx_word' id='word_1_94' title='bbox 631 1140 792 1176; x_wconf 86' lang='lat' dir='ltr'>assidere</span> <span class='ocrx_word' id='word_1_95' title='bbox 808 1168 820 1185; x_wconf 85' lang='lat'><strong>‚</strong></span> <span class='ocrx_word' id='word_1_96' title='bbox 850 1140 900 1176; x_wconf 91' lang='lat' dir='ltr'>ita</span> <span class='ocrx_word' id='word_1_97' title='bbox 926 1151 964 1177; x_wconf 85' lang='lat' dir='ltr'>ea</span> <span class='ocrx_word' id='word_1_98' title='bbox 992 1140 1189 1187; x_wconf 86' lang='lat' dir='ltr'>reprehen-</span> 
     </span>
     <span class='ocr_line' id='line_1_14' title="bbox 71 1209 1190 1260; baseline 0.003 -12"><span class='ocrx_word' id='word_1_99' title='bbox 71 1209 125 1248; x_wconf 84' lang='lat' dir='ltr'>dit</span> <span class='ocrx_word' id='word_1_100' title='bbox 140 1236 155 1257; x_wconf 86' lang='lat'><strong>‚</strong></span> <span class='ocrx_word' id='word_1_101' title='bbox 181 1219 223 1247; x_wconf 91' lang='lat' dir='ltr'>ut</span> <span class='ocrx_word' id='word_1_102' title='bbox 244 1209 363 1247; x_wconf 85' lang='lat' dir='ltr'>dicat:</span> <span class='ocrx_word' id='word_1_103' title='bbox 401 1213 482 1256; x_wconf 75' lang='lat' dir='ltr'>„‘O</span> <span class='ocrx_word' id='word_1_104' title='bbox 509 1213 573 1258; x_wconf 79' lang='grc' dir='ltr'>μὲν</span> <span class='ocrx_word' id='word_1_105' title='bbox 596 1214 684 1253; x_wconf 85' lang='grc' dir='ltr'>Ζεὺς</span> <span class='ocrx_word' id='word_1_106' title='bbox 709 1213 768 1249; x_wconf 78' lang='grc' dir='ltr'>οὐκ</span> <span class='ocrx_word' id='word_1_107' title='bbox 789 1211 868 1258; x_wconf 77' lang='grc' dir='ltr'><em>ἔχει</em></span> <span class='ocrx_word' id='word_1_108' title='bbox 892 1212 955 1255; x_wconf 66' lang='grc' dir='ltr'>τὴν</span> <span class='ocrx_word' id='word_1_109' title='bbox 979 1212 1075 1256; x_wconf 70' lang='grc' dir='ltr'><em>δίκην</em></span> <span class='ocrx_word' id='word_1_110' title='bbox 1098 1212 1190 1260; x_wconf 75' lang='grc' dir='ltr'><em>πιέρ-</em></span> 
     </span>
     <span class='ocr_line' id='line_1_15' title="bbox 69 1281 1188 1329; baseline 0 -9"><span class='ocrx_word' id='word_1_111' title='bbox 69 1282 184 1329; x_wconf 80' lang='grc' dir='ltr'><em>εδρον,</em></span> <span class='ocrx_word' id='word_1_112' title='bbox 220 1283 307 1320; x_wconf 65' lang='grc' dir='ltr'>ἀλλ’</span> <span class='ocrx_word' id='word_1_113' title='bbox 337 1283 443 1324; x_wconf 72' lang='grc' dir='ltr'>αὐτὸς</span> <span class='ocrx_word' id='word_1_114' title='bbox 478 1281 555 1326; x_wconf 76' lang='grc' dir='ltr'><em>δίκη</em></span> <span class='ocrx_word' id='word_1_115' title='bbox 587 1282 646 1319; x_wconf 69' lang='grc' dir='ltr'>καὶ</span> <span class='ocrx_word' id='word_1_116' title='bbox 683 1282 777 1327; x_wconf 77' lang='grc' dir='ltr'><em>θέμις</em></span> <span class='ocrx_word' id='word_1_117' title='bbox 811 1282 918 1324; x_wconf 79' lang='grc' dir='ltr'>ἐστὶ,</span> <span class='ocrx_word' id='word_1_118' title='bbox 953 1283 1013 1320; x_wconf 71' lang='grc' dir='ltr'>καὶ</span> <span class='ocrx_word' id='word_1_119' title='bbox 1040 1281 1188 1329; x_wconf 80' lang='grc' dir='ltr'>νόμωνό</span> 
     </span>
     <span class='ocr_line' id='line_1_16' title="bbox 69 1350 1187 1399; baseline 0.001 -10"><span class='ocrx_word' id='word_1_120' title='bbox 69 1351 320 1399; x_wconf 64' lang='grc' dir='ltr'><em>πρεσβύταις-ος</em></span> <span class='ocrx_word' id='word_1_121' title='bbox 347 1351 405 1390; x_wconf 70' lang='grc' dir='ltr'>καὶ</span> <span class='ocrx_word' id='word_1_122' title='bbox 430 1352 666 1393; x_wconf 64' lang='grc' dir='ltr'>τελειότατος.</span> <span class='ocrx_word' id='word_1_123' title='bbox 700 1353 729 1389; x_wconf 81' lang='grc' dir='ltr'>οἱ</span> <span class='ocrx_word' id='word_1_124' title='bbox 757 1351 904 1390; x_wconf 65' lang='lat' dir='ltr'>mmm}</span> <span class='ocrx_word' id='word_1_125' title='bbox 928 1350 1016 1390; x_wconf 79' lang='grc' dir='ltr'><em>οὕτω</em></span> <span class='ocrx_word' id='word_1_126' title='bbox 1040 1352 1187 1398; x_wconf 74' lang='grc' dir='ltr'><em>λέγουσι</em></span> 
     </span>
     <span class='ocr_line' id='line_1_17' title="bbox 71 1421 1187 1469; baseline 0.001 -11"><span class='ocrx_word' id='word_1_127' title='bbox 71 1421 130 1459; x_wconf 69' lang='grc' dir='ltr'>καὶ</span> <span class='ocrx_word' id='word_1_128' title='bbox 159 1421 340 1469; x_wconf 69' lang='grc' dir='ltr'><em>γράφουσι</em></span> <span class='ocrx_word' id='word_1_129' title='bbox 370 1421 429 1459; x_wconf 68' lang='grc' dir='ltr'>καὶ</span> <span class='ocrx_word' id='word_1_130' title='bbox 466 1421 708 1463; x_wconf 65' lang='grc' dir='ltr'>διδάσκουσιν,</span> <span class='ocrx_word' id='word_1_131' title='bbox 751 1423 794 1464; x_wconf 77' lang='grc' dir='ltr'>ὥς</span> <span class='ocrx_word' id='word_1_132' title='bbox 830 1421 913 1461; x_wconf 71' lang='grc' dir='ltr'><em>ἄνευ</em></span> <span class='ocrx_word' id='word_1_133' title='bbox 941 1422 1038 1466; x_wconf 70' lang='grc' dir='ltr'><em>δίκης</em></span> <span class='ocrx_word' id='word_1_134' title='bbox 1061 1421 1187 1469; x_wconf 75' lang='grc' dir='ltr'><em>ἄρχειν</em></span> 
     </span>
     <span class='ocr_line' id='line_1_18' title="bbox 70 1489 1187 1539; baseline -0.004 -9"><span class='ocrx_word' id='word_1_135' title='bbox 70 1491 160 1537; x_wconf 77' lang='grc' dir='ltr'><em>μηδὲ</em></span> <span class='ocrx_word' id='word_1_136' title='bbox 196 1494 257 1530; x_wconf 81' lang='grc' dir='ltr'>τοῦ</span> <span class='ocrx_word' id='word_1_137' title='bbox 293 1492 377 1533; x_wconf 83' lang='grc' dir='ltr'>Διὸς</span> <span class='ocrx_word' id='word_1_138' title='bbox 411 1495 528 1533; x_wconf 60' lang='grc' dir='ltr'><em>καλῶς</em></span> <span class='ocrx_word' id='word_1_139' title='bbox 567 1489 780 1538; x_wconf 66' lang='grc' dir='ltr'><em>δυναμένου”</em></span> <span class='ocrx_word' id='word_1_140' title='bbox 813 1489 899 1539; x_wconf 78' lang='grc'>(3).</span> <span class='ocrx_word' id='word_1_141' title='bbox 966 1489 1096 1536; x_wconf 88' lang='lat' dir='ltr'>Itaque</span> <span class='ocrx_word' id='word_1_142' title='bbox 1126 1489 1187 1526; x_wconf 88' lang='lat' dir='ltr'>vel</span> 
     </span>
     <span class='ocr_line' id='line_1_19' title="bbox 69 1557 1189 1608; baseline 0 -12"><span class='ocrx_word' id='word_1_143' title='bbox 69 1557 181 1596; x_wconf 84' lang='lat' dir='ltr'>fallor</span> <span class='ocrx_word' id='word_1_144' title='bbox 207 1559 379 1607; x_wconf 86' lang='lat' dir='ltr'>equidem</span> <span class='ocrx_word' id='word_1_145' title='bbox 395 1587 407 1606; x_wconf 78' lang='lat'>‚</span> <span class='ocrx_word' id='word_1_146' title='bbox 432 1561 491 1598; x_wconf 88' lang='lat' dir='ltr'>vel</span> <span class='ocrx_word' id='word_1_147' title='bbox 521 1562 604 1608; x_wconf 85' lang='lat' dir='ltr'>jure</span> <span class='ocrx_word' id='word_1_148' title='bbox 626 1560 761 1598; x_wconf 85' lang='lat' dir='ltr'>Cicero</span> <span class='ocrx_word' id='word_1_149' title='bbox 795 1559 839 1597; x_wconf 87' lang='lat' dir='ltr'>ab</span> <span class='ocrx_word' id='word_1_150' title='bbox 870 1561 936 1596; x_wconf 87' lang='lat' dir='ltr'>hac</span> <span class='ocrx_word' id='word_1_151' title='bbox 963 1560 1189 1608; x_wconf 64' lang='lat' dir='ltr'>sempiterna</span> 
     </span>
     <span class='ocr_line' id='line_1_20' title="bbox 72 1628 1189 1678; baseline -0.001 -12"><span class='ocrx_word' id='word_1_152' title='bbox 72 1628 274 1676; x_wconf 68' lang='lat' dir='ltr'>divinaque</span> <span class='ocrx_word' id='word_1_153' title='bbox 298 1629 377 1675; x_wconf 85' lang='lat' dir='ltr'>lege</span> <span class='ocrx_word' id='word_1_154' title='bbox 399 1629 494 1678; x_wconf 84' lang='lat' dir='ltr'>juris</span> <span class='ocrx_word' id='word_1_155' title='bbox 522 1628 703 1676; x_wconf 81' lang='lat' dir='ltr'>principia</span> <span class='ocrx_word' id='word_1_156' title='bbox 728 1630 896 1667; x_wconf 86' lang='lat' dir='ltr'>ducenda</span> <span class='ocrx_word' id='word_1_157' title='bbox 918 1641 1000 1667; x_wconf 86' lang='lat' dir='ltr'>esse</span> <span class='ocrx_word' id='word_1_158' title='bbox 1028 1628 1189 1675; x_wconf 87' lang='lat' dir='ltr'>putavit.</span> 
     </span>
     <span class='ocr_line' id='line_1_21' title="bbox 74 1698 1193 1749; baseline -0.001 -12"><span class='ocrx_word' id='word_1_159' title='bbox 74 1699 242 1746; x_wconf 86' lang='lat' dir='ltr'>Copiose</span> <span class='ocrx_word' id='word_1_160' title='bbox 276 1699 438 1746; x_wconf 82' lang='lat' dir='ltr'>iccirco,</span> <span class='ocrx_word' id='word_1_161' title='bbox 465 1708 506 1736; x_wconf 89' lang='lat' dir='ltr'>ut</span> <span class='ocrx_word' id='word_1_162' title='bbox 530 1699 728 1749; x_wconf 78' lang='lat' dir='ltr'>apparuit,</span> <span class='ocrx_word' id='word_1_163' title='bbox 756 1699 793 1736; x_wconf 89' lang='lat' dir='ltr'>in</span> <span class='ocrx_word' id='word_1_164' title='bbox 822 1711 933 1747; x_wconf 88' lang='lat' dir='ltr'>opere</span> <span class='ocrx_word' id='word_1_165' title='bbox 959 1699 1003 1736; x_wconf 75' lang='lat' dir='ltr'>de</span> <span class='ocrx_word' id='word_1_166' title='bbox 1030 1698 1193 1748; x_wconf 78' lang='lat' dir='ltr'>Legibus</span> 
     </span>
     <span class='ocr_line' id='line_1_22' title="bbox 73 1768 1190 1818; baseline -0.001 -12"><span class='ocrx_word' id='word_1_167' title='bbox 73 1781 149 1807; x_wconf 90' lang='lat' dir='ltr'>eam</span> <span class='ocrx_word' id='word_1_168' title='bbox 184 1769 381 1807; x_wconf 87' lang='lat' dir='ltr'>illustravit</span> <span class='ocrx_word' id='word_1_169' title='bbox 417 1778 452 1806; x_wconf 85' lang='lat' dir='ltr'>et</span> <span class='ocrx_word' id='word_1_170' title='bbox 489 1768 683 1816; x_wconf 78' lang='lat' dir='ltr'>definivit3</span> <span class='ocrx_word' id='word_1_171' title='bbox 712 1769 777 1807; x_wconf 88' lang='lat' dir='ltr'>sed</span> <span class='ocrx_word' id='word_1_172' title='bbox 807 1769 844 1806; x_wconf 87' lang='lat' dir='ltr'>in</span> <span class='ocrx_word' id='word_1_173' title='bbox 869 1768 977 1806; x_wconf 86' lang='lat' dir='ltr'>libris</span> <span class='ocrx_word' id='word_1_174' title='bbox 1002 1768 1045 1806; x_wconf 78' lang='lat' dir='ltr'>de</span> <span class='ocrx_word' id='word_1_175' title='bbox 1066 1768 1190 1818; x_wconf 82' lang='lat' dir='ltr'>Repu·</span> 
     </span>
     <span class='ocr_line' id='line_1_23' title="bbox 76 1837 1190 1886; baseline -0.002 -10"><span class='ocrx_word' id='word_1_176' title='bbox 76 1840 173 1876; x_wconf 84' lang='lat' dir='ltr'>blica</span> <span class='ocrx_word' id='word_1_177' title='bbox 209 1851 361 1886; x_wconf 85' lang='lat' dir='ltr'>quoque</span> <span class='ocrx_word' id='word_1_178' title='bbox 393 1850 469 1876; x_wconf 88' lang='lat' dir='ltr'>non</span> <span class='ocrx_word' id='word_1_179' title='bbox 505 1840 676 1876; x_wconf 81' lang='lat' dir='ltr'>intactam</span> <span class='ocrx_word' id='word_1_180' title='bbox 706 1847 857 1875; x_wconf 85' lang='lat' dir='ltr'>naturae</span> <span class='ocrx_word' id='word_1_181' title='bbox 882 1839 996 1886; x_wconf 86' lang='lat' dir='ltr'>legem</span> <span class='ocrx_word' id='word_1_182' title='bbox 1025 1837 1190 1885; x_wconf 83' lang='lat' dir='ltr'>reliquit.</span> 
     </span>
     <span class='ocr_line' id='line_1_24' title="bbox 22 1908 1194 1956; baseline 0 -11"><span class='ocrx_word' id='word_1_183' title='bbox 22 1937 33 1949; x_wconf 89' lang='lat'>.</span> <span class='ocrx_word' id='word_1_184' title='bbox 76 1908 334 1956; x_wconf 85' lang='lat' dir='ltr'>Fragmentum</span> <span class='ocrx_word' id='word_1_185' title='bbox 367 1917 485 1945; x_wconf 83' lang='lat' dir='ltr'>exstat</span> <span class='ocrx_word' id='word_1_186' title='bbox 520 1909 618 1955; x_wconf 87' lang='lat' dir='ltr'>apud</span> <span class='ocrx_word' id='word_1_187' title='bbox 653 1908 920 1954; x_wconf 83' lang='lat' dir='ltr'>Lactantium,</span> <span class='ocrx_word' id='word_1_188' title='bbox 957 1908 1061 1955; x_wconf 87' lang='lat' dir='ltr'>quod</span> <span class='ocrx_word' id='word_1_189' title='bbox 1085 1908 1194 1956; x_wconf 83' lang='lat' dir='ltr'>plene</span> 
     </span>
     <span class='ocr_line' id='line_1_25' title="bbox 75 1977 1194 2026; baseline 0 -12"><span class='ocrx_word' id='word_1_190' title='bbox 75 1979 239 2015; x_wconf 87' lang='lat' dir='ltr'>laudatae</span> <span class='ocrx_word' id='word_1_191' title='bbox 265 1978 356 2024; x_wconf 83' lang='lat' dir='ltr'>legis</span> <span class='ocrx_word' id='word_1_192' title='bbox 387 1977 461 2015; x_wconf 88' lang='lat' dir='ltr'>vim</span> <span class='ocrx_word' id='word_1_193' title='bbox 492 1988 527 2014; x_wconf 88' lang='lat' dir='ltr'>et</span> <span class='ocrx_word' id='word_1_194' title='bbox 543 1986 707 2014; x_wconf 86' lang='lat' dir='ltr'>naturam</span> <span class='ocrx_word' id='word_1_195' title='bbox 739 1978 911 2024; x_wconf 85' lang='lat' dir='ltr'>explicat.</span> <span class='ocrx_word' id='word_1_196' title='bbox 973 1978 1083 2025; x_wconf 87' lang='lat' dir='ltr'>„Est</span> <span class='ocrx_word' id='word_1_197' title='bbox 1108 1979 1194 2026; x_wconf 89' lang='lat' dir='ltr'>qui-</span> 
     </span>
     <span class='ocr_line' id='line_1_26' title="bbox 77 2046 1192 2094; baseline 0.001 -9"><span class='ocrx_word' id='word_1_198' title='bbox 77 2047 157 2085; x_wconf 86' lang='lat' dir='ltr'>dem</span> <span class='ocrx_word' id='word_1_199' title='bbox 174 2046 215 2092; x_wconf 87' lang='lat'>‚&#39;&#39;</span> <span class='ocrx_word' id='word_1_200' title='bbox 242 2046 393 2094; x_wconf 77' lang='lat' dir='ltr'>inquit,</span> <span class='ocrx_word' id='word_1_201' title='bbox 424 2058 545 2094; x_wconf 81' lang='lat' dir='ltr'>„vcra</span> <span class='ocrx_word' id='word_1_202' title='bbox 569 2047 629 2084; x_wconf 88' lang='lat' dir='ltr'>lex</span> <span class='ocrx_word' id='word_1_203' title='bbox 653 2057 750 2084; x_wconf 86' lang='lat' dir='ltr'>recta</span> <span class='ocrx_word' id='word_1_204' title='bbox 776 2048 871 2084; x_wconf 80' lang='lat' dir='ltr'>ratio</span> <span class='ocrx_word' id='word_1_205' title='bbox 888 2076 900 2093; x_wconf 80' lang='lat'><strong>‚</strong></span> <span class='ocrx_word' id='word_1_206' title='bbox 930 2058 1081 2085; x_wconf 88' lang='lat' dir='ltr'>naturae</span> <span class='ocrx_word' id='word_1_207' title='bbox 1103 2060 1192 2086; x_wconf 87' lang='lat' dir='ltr'>con-</span> 
     </span>
    </p>
   </div>
   <div class='ocr_carea' id='block_1_3' title="bbox 83 2130 1198 2419">
    <p class='ocr_par' dir='ltr' id='par_1_3' title="bbox 117 2130 1196 2206">
     <span class='ocr_line' id='line_1_27' title="bbox 117 2130 1196 2206; baseline -0.001 -9"><span class='ocrx_word' id='word_1_208' title='bbox 117 2166 170 2206; x_wconf 83' lang='grc' dir='ltr'>(ι)</span> <span class='ocrx_word' id='word_1_209' title='bbox 195 2166 287 2195; x_wconf 82' lang='lat' dir='ltr'>Plato</span> <span class='ocrx_word' id='word_1_210' title='bbox 309 2166 331 2198; x_wconf 79' lang='lat'>1.</span> <span class='ocrx_word' id='word_1_211' title='bbox 359 2166 383 2196; x_wconf 87' lang='lat' dir='ltr'>l.</span> <span class='ocrx_word' id='word_1_212' title='bbox 406 2165 483 2195; x_wconf 88' lang='lat' dir='ltr'>Lib.</span> <span class='ocrx_word' id='word_1_213' title='bbox 507 2165 606 2196; x_wconf 87' lang='lat' dir='ltr'>VIII.</span> <span class='ocrx_word' id='word_1_214' title='bbox 634 2177 668 2205; x_wconf 89' lang='lat' dir='ltr'>p.</span> <span class='ocrx_word' id='word_1_215' title='bbox 689 2167 760 2198; x_wconf 83' lang='lat'><strong>836.</strong></span> <span class='ocrx_word' id='word_1_216' title='bbox 783 2166 822 2196; x_wconf 91' lang='lat' dir='ltr'>E.</span> <span class='ocrx_word' id='word_1_217' title='bbox 1107 2130 1196 2167; x_wconf 65' lang='lat' dir='ltr'>gru-</span> 
     </span>
    </p>

    <p class='ocr_par' dir='ltr' id='par_1_4' title="bbox 83 2219 1198 2367">
     <span class='ocr_line' id='line_1_28' title="bbox 121 2219 1198 2261; baseline 0.002 -11"><span class='ocrx_word' id='word_1_218' title='bbox 121 2221 168 2260; x_wconf 86' lang='lat'>(2)</span> <span class='ocrx_word' id='word_1_219' title='bbox 193 2220 263 2250; x_wconf 87' lang='lat' dir='ltr'>Cic.</span> <span class='ocrx_word' id='word_1_220' title='bbox 285 2221 322 2250; x_wconf 83' lang='lat' dir='ltr'>de</span> <span class='ocrx_word' id='word_1_221' title='bbox 344 2221 444 2261; x_wconf 78' lang='lat' dir='ltr'>Legg.</span> <span class='ocrx_word' id='word_1_222' title='bbox 468 2219 545 2250; x_wconf 88' lang='lat' dir='ltr'>Lib.</span> <span class='ocrx_word' id='word_1_223' title='bbox 572 2221 600 2250; x_wconf 78' lang='lat' dir='ltr'>l.</span> <span class='ocrx_word' id='word_1_224' title='bbox 629 2231 656 2249; x_wconf 88' lang='lat' dir='ltr'>c.</span> <span class='ocrx_word' id='word_1_225' title='bbox 679 2220 731 2251; x_wconf 86' lang='lat'>28.</span> <span class='ocrx_word' id='word_1_226' title='bbox 766 2219 909 2258; x_wconf 82' lang='lat' dir='ltr'>Philipp.</span> <span class='ocrx_word' id='word_1_227' title='bbox 934 2221 995 2252; x_wconf 88' lang='lat' dir='ltr'>XI.</span> <span class='ocrx_word' id='word_1_228' title='bbox 1017 2230 1045 2250; x_wconf 93' lang='lat' dir='ltr'>c.</span> <span class='ocrx_word' id='word_1_229' title='bbox 1067 2229 1118 2251; x_wconf 78' lang='lat'>12.</span> <span class='ocrx_word' id='word_1_230' title='bbox 1141 2221 1198 2253; x_wconf 63' lang='lat' dir='ltr'>Cf„</span> 
     </span>
     <span class='ocr_line' id='line_1_29' title="bbox 83 2270 1197 2315; baseline 0.003 -15"><span class='ocrx_word' id='word_1_231' title='bbox 83 2270 122 2300; x_wconf 80' lang='lat' dir='ltr'>de</span> <span class='ocrx_word' id='word_1_232' title='bbox 142 2273 184 2303; x_wconf 85' lang='lat' dir='ltr'>N.</span> <span class='ocrx_word' id='word_1_233' title='bbox 198 2274 242 2302; x_wconf 91' lang='lat' dir='ltr'>D.</span> <span class='ocrx_word' id='word_1_234' title='bbox 267 2272 343 2303; x_wconf 87' lang='lat' dir='ltr'>Lib.</span> <span class='ocrx_word' id='word_1_235' title='bbox 365 2273 393 2304; x_wconf 89' lang='lat'>1.</span> <span class='ocrx_word' id='word_1_236' title='bbox 416 2284 444 2303; x_wconf 90' lang='lat' dir='ltr'>c.</span> <span class='ocrx_word' id='word_1_237' title='bbox 463 2273 510 2303; x_wconf 82' lang='lat'>14.</span> <span class='ocrx_word' id='word_1_238' title='bbox 535 2277 601 2303; x_wconf 84' lang='lat' dir='ltr'>tum</span> <span class='ocrx_word' id='word_1_239' title='bbox 613 2283 691 2303; x_wconf 80' lang='lat' dir='ltr'>vero</span> <span class='ocrx_word' id='word_1_240' title='bbox 712 2272 847 2302; x_wconf 82' lang='lat' dir='ltr'>maxime</span> <span class='ocrx_word' id='word_1_241' title='bbox 868 2274 973 2315; x_wconf 79' lang='lat' dir='ltr'>Digg.</span> <span class='ocrx_word' id='word_1_242' title='bbox 990 2272 1063 2303; x_wconf 81' lang='lat' dir='ltr'>Lib.</span> <span class='ocrx_word' id='word_1_243' title='bbox 1081 2272 1109 2304; x_wconf 87' lang='grc' dir='ltr'>Ι.</span> <span class='ocrx_word' id='word_1_244' title='bbox 1124 2273 1197 2306; x_wconf 49' lang='grc' dir='ltr'>Τὶῑλ</span> 
     </span>
     <span class='ocr_line' id='line_1_30' title="bbox 85 2324 256 2367; baseline 0.012 -11"><span class='ocrx_word' id='word_1_245' title='bbox 85 2324 151 2356; x_wconf 82' lang='grc' dir='ltr'><strong>ΙΙΙ.</strong></span> <span class='ocrx_word' id='word_1_246' title='bbox 172 2329 203 2367; x_wconf 61' lang='grc'>5.</span> <span class='ocrx_word' id='word_1_247' title='bbox 225 2339 256 2358; x_wconf 87' lang='lat'>2.</span> 
     </span>
    </p>

    <p class='ocr_par' dir='ltr' id='par_1_5' title="bbox 125 2378 1048 2419">
     <span class='ocr_line' id='line_1_31' title="bbox 125 2378 1048 2419; baseline 0.002 -11"><span class='ocrx_word' id='word_1_248' title='bbox 125 2378 169 2418; x_wconf 83' lang='lat'>(5)</span> <span class='ocrx_word' id='word_1_249' title='bbox 194 2378 357 2409; x_wconf 82' lang='lat' dir='ltr'>Plutarch.</span> <span class='ocrx_word' id='word_1_250' title='bbox 383 2380 426 2408; x_wconf 77' lang='lat' dir='ltr'>ad</span> <span class='ocrx_word' id='word_1_251' title='bbox 445 2380 554 2419; x_wconf 79' lang='lat' dir='ltr'>princ.</span> <span class='ocrx_word' id='word_1_252' title='bbox 583 2380 705 2410; x_wconf 74' lang='lat' dir='ltr'>indoct-</span> <span class='ocrx_word' id='word_1_253' title='bbox 728 2378 805 2411; x_wconf 78' lang='lat' dir='ltr'>Vol.</span> <span class='ocrx_word' id='word_1_254' title='bbox 832 2379 894 2409; x_wconf 79' lang='lat' dir='ltr'>lx.</span> <span class='ocrx_word' id='word_1_255' title='bbox 919 2390 953 2418; x_wconf 80' lang='lat' dir='ltr'>p.</span> <span class='ocrx_word' id='word_1_256' title='bbox 977 2378 1048 2410; x_wconf 70' lang='lat'>123.</span> 
     </span>
    </p>
   </div>
  </div>
 </body>
</html>
