1492 2896
452 283 834 331 ORATIO.
1145 281 1202 324 29

93 427 154 471 uti
184 426 333 478 debet,
384 426 436 469 ad
474 424 646 469 miseros
671 424 848 468 tuendos
879 437 1045 481 semper
1072 435 1203 481 para-

95 510 138 546 ta
175 510 236 546 est
271 510 309 546 et
336 516 559 561 propensa.

153 580 200 625 Si
236 581 327 637 quis
353 587 488 623 autem
520 562 861 633 dicat,Medicos
886 575 1103 636 inprimis,
1129 573 1205 632 qui

96 657 184 702 hos'
211 657 384 701 morbos
426 654 662 715 negligant,
707 654 787 698 hac
811 655 854 697 in
882 668 927 698 re
962 667 1050 697 esse
1077 665 1208 696 accu-

95 734 251 779 sandos
272 766 285 788 ,
313 734 350 778 is
384 733 513 786 sciat,
543 731 752 777 Medicum
783 745 856 776 eos
889 729 957 774 vix
982 743 1109 788 posse
1134 743 1208 772 sa·-

97 824 198 855 nare
216 842 227 864 ,
270 809 347 854 nisi
392 809 563 854 accedat
600 807 806 867 Psychica
855 821 970 852 cura.
1041 806 1205 864 Quam-

99 887 387 947 diu¹pessimis
413 886 608 931 cancellis
653 886 826 938 seclusi,
858 884 972 929 omni
1005 885 1092 928 fere
1128 883 1208 928 alia

98 978 200 1008 cura
221 973 261 1008 et
294 964 444 1009 auxilio
471 970 568 1008 sunt
597 961 814 1015 destituti,
847 962 957 1005 nulla
987 975 1085 1005 cura
1116 960 1211 1005 Me-

93 1040 191 1085 dica
206 1073 218 1094 ,
243 1041 366 1097 -quod
387 1042 509 1085 etiam
536 1039 788 1099 experientia
809 1039 910 1083 satis
929 1039 1080 1091 docet,
1110 1045 1209 1082 tan·-

94 1123 151 1161 ta-
177 1117 403 1162 sanationis
433 1117 725 1175 impedimenta
756 1129 954 1175 superare
983 1122 1135 1174 potest.

113 1212 116 1219 ¹
140 1194 329 1239 Acoedit
349 1194 394 1238 id
409 1226 421 1247 ‚
455 1194 568 1251 quod
581 1193 760 1238 maxime
783 1193 905 1237 doleo
923 1224 935 1246 ‚
967 1199 1012 1236 ut
1039 1207 1087 1237 ea
1109 1206 1209 1250 pars

97 1271 357 1330 gravissima
388 1271 621 1316 Medicinae
639 1304 651 1325 ,
683 1286 790 1329 quae
819 1285 962 1315 curam
989 1268 1220 1314 Maniam-e

98 1363 190 1394 rum
229 1356 419 1408 spectat,
465 1349 588 1393 nimis
618 1349 670 1393 sit
707 1350 751 1392 in
791 1348 933 1395 Patria
961 1354 1107 1392 nostra
1134 1361 1216 1391 ne-

98 1427 230 1484 glecta
247 1458 260 1479 ‚
281 1427 388 1471 adeo
403 1434 458 1471 ‘ut
480 1441 631 1485 magna
655 1441 756 1485 pars
778 1425 1040 1471 Medicorum
1060 1424 1215 1483 ejussit

98 1503 347 1562 imperitior.
392 1526 447 1540 —-
489 1504 632 1562 Quare
674 1518 751 1562 ego
785 1503 877 1563 ipse
926 1510 1022 1547 ante
1056 1502 1216 1559 aliquot

100 1595 233 1625 annos
258 1596 282 1624 a
299 1580 534 1626 Medicinae
551 1581 750 1626 studiosis
770 1588 940 1639 rogatus
955 1613 967 1634 ,
985 1580 1095 1624 hanc
1110 1593 1218 1639 par-

100 1665 185 1701 tem
208 1658 362 1702 docere
385 1658 668 1702 lubentissime
699 1658 743 1701 id
762 1673 828 1703 me
860 1656 1040 1716 suscepi.
1060 1678 1113 1685 -
1131 1656 1219 1701 Sed

101 1734 342 1790 quomodo,
375 1750 554 1792 quaeso,
593 1735 673 1779 hae
697 1735 898 1779 lectiones
925 1734 1010 1786 ita,
1040 1741 1085 1777 ut
1128 1733 1219 1777 fieri

101 1817 267 1868 oportet
292 1843 303 1862 ,
371 1810 528 1856 institui
568 1819 747 1870 possunt
803 1811 892 1856 aliis
942 1811 1046 1855 locis
1078 1843 1089 1863 ‚
1147 1810 1226 1857 ubi

102 1886 452 1946 Praeceptoribus
487 1889 590 1947 ipsis
633 1889 751 1932 nulla·
777 1888 902 1932 datur
930 1886 1116 1932 occasio>
1140 1887 1220 1932 hos
1290 1918 1295 1924 ¹

102 1965 275 2008 morbos
321 1965 486 2024 saepius
506 1984 508 1987 ’
530 1965 869 2025 contemplandi,
915 1953 1219 2023 investigandi,

102 2049 226 2098 atque
252 2063 254 2067 v
281 2042 486 2086 medicam
535 2057 677 2086 curam
723 2043 827 2101 ipsis
877 2042 1141 2087 adhibendi?
1165 2067 1220 2077 -—

103 2118 330 2176 Quomodo
353 2118 561 2177 Discipuli
584 2119 667 2178 ipsi
695 2134 744 2163 ex
773 2120 838 2164 his
858 2121 1107 2164 lectionibus
1128 2137 1224 2164 maa·

104 2193 215 2250 iores
241 2195 399 2238 fructus
429 2210 601 2254 carpere
623 2204 822 2254 possunt,
854 2196 889 2241 si
914 2197 1018 2256 ipsis
1051 2212 1137 2241 non
1162 2205 1223 2242 est

106 2270 304 2325 facultas,
337 2271 415 2315 hos
438 2273 653 2318 Maniacos
691 2274 833 2332 ipsos,
876 2276 1222 2335 Praeceptor-ibus

107 2346 308 2398 ducibus,
353 2363 667 2407 nonnumquam
729 2351 963 2397 visitandi?
995 2384 1047 2391 —-
1086 2354 1221 2406 Nam,
