1492 2896
286 1086 567 1131 Aunrromzs
610 1091 968 1132 HUMAmssmt!

175 1228 405 1286 Postquam
444 1235 616 1287 peracta
663 1235 760 1272 sunt
805 1227 977 1285 hujusce
1025 1226 1107 1270 diei
1155 1240 1229 1270 so·-

120 1304 296 1359 lemnia,
351 1319 403 1349 ne
450 1304 551 1361 quid
592 1304 644 1348 de
680 1303 885 1361 majorum
926 1312 1051 1346 more‘
1085 1301 1230 1346 detra-

118 1382 271 1436 hatur,
320 1396 401 1441 par
439 1388 521 1432 est,
581 1387 627 1424 ut
668 1395 775 1424 nnus
827 1380 1048 1424 doctorum
1096 1386 1138 1423 et
1177 1379 1230 1422 de

118 1457 364 1516 quaestione
391 1472 441 1502 ex
474 1457 704 1516 disciplinis
743 1457 992 1502 academicis
1029 1456 1231 1508 disserat,

119 1542 164 1580 et
196 1534 346 1580 Vobis
366 1535 520 1593 gratias
560 1541 655 1592 agat
686 1548 769 1593 pro
802 1533 990 1586 honore,
1022 1549 1108 1590 quo
1155 1548 1233 1577 nos

122 1610 336 1657 affecistis,
396 1611 536 1669 Quum
565 1619 700 1655 autem
727 1611 829 1654 mihi
860 1610 940 1655 hae
968 1618 1111 1670 partes
1141 1617 1235 1654 tra-

124 1687 235 1733 ditae
274 1688 381 1741 sint,
413 1702 491 1732 nec
528 1688 599 1731 diu
630 1689 716 1732 Vos
747 1688 968 1741 detinebo,
1011 1695 1051 1732 et
1082 1688 1133 1731 de
1164 1703 1237 1730 ar-

123 1771 322 1823 gumento
360 1765 522 1818 dicam,
549 1764 604 1808 ab
642 1764 764 1822 hujus
797 1764 880 1808 loci
914 1765 1113 1822 dignitate
1153 1775 1238 1806 non

128 1841 287 1896 alieno,
328 1842 382 1886 de
415 1841 616 1886 methodo
653 1842 971 1900 philosophica,
1008 1856 1091 1898 qua
1132 1839 1240 1884 doc-

129 1919 268 1963 trinae*
291 1918 493 1977 physicae
523 1925 564 1962 et
594 1917 780 1962 medicae
807 1917 1052 1961 tractandae
1083 1925 1193 1962 sunt.

189 1995 353 2055 Sponte
384 1995 633 2053 intelligitis,
664 1996 714 2039 A.
731 1999 807 2048 A.‚
839 2010 904 2038 me
935 1994 1014 2038 hac
1042 1994 1243 2038 methodo

127 2072 440 2133 philosophiam
473 2071 758 2117 Baconianam
795 2073 922 2125 velle,
954 2087 1036 2129 qua
1073 2071 1243 2128 quidem

127 2150 299 2204 nescio,
356 2164 410 2193 an
445 2148 668 2193 recentiori
711 2156 844 2193 aetate
885 2148 1019 2207 magis
1061 2148 1245 2193 divinum

130 2226 289 2271 donum
312 2226 497 2270 humano
525 2226 666 2284 generi
693 2226 817 2270 suerit
840 2240 1099 2270 concessum.
1160 2225 1248 2271 Mi-

131 2314 239 2348 sera-
261 2298 368 2348 enim
404 2310 493 2348 erat
520 2301 659 2347 medio
682 2315 785 2348 aevo
813 2301 1106 2362 philosophiae
1141 2317 1248 2348 con-
