1492 2896
460 278 854 326 ORATIO.
1163 279 1216 324 17

95 423 305 468 scientiam
333 431 445 468 recte
469 424 689 468 factorum.
735 448 793 458 -
830 423 891 465 lta
923 421 1106 481 pergite,
1134 420 1212 464 Vi-

92 501 126 544 ri
168 500 523 554 aestumatissimi‚
551 500 764 544 indefesso
795 499 975 553 ardore3
1009 497 1068 542 ita
1104 511 1209 556 per-

89 584 161 634 gat
196 577 310 621 Deus
350 578 495 621 vestris
535 591 714 622 annuere
742 575 863 621 votis,
897 599 946 607 —-
981 575 1212 633 Quivcari-

89 660 173 698 tate
215 654 429 698 hominum
463 654 636 706 ductus,
677 653 880 697 leniendis
925 658 965 696 et
1012 651 1207 695 tollendis

95 731 284 790 ipsorum
313 731 641 784 calamitatibus,
674 738 877 787 quantum
907 729 1016 773 vires
1039 728 1083 772 id
1101 742 1209 772 con-

86 808 267 861 cedunt,
299 808 424 851 vitam
448 807 682 867 impendit,
710 807 771 861 is,
802 814 977 866 peracto
1013 806 1207 850 curricu-

82 886 124 929 lo
163 885 300 938 vitae,
351 900 437 928 non
479 886 634 929 frustra
673 885 794 929 vixit:
825 883 869 927 in
912 882 1053 927 officio
1082 897 1207 926 man-

85 962 164 1006 sit:
197 962 276 1006 Dei
306 962 588 1006 misericordis
613 961 852 1021 praeceptis
883 959 1083 1004 obedivit.

82 1039 331 1083 Gratissimo
362 1046 498 1083 autem
545 1039 686 1082 animo
717 1053 795 1082 nos
827 1052 973 1081 omnes
992 1069 1003 1089 ‚
1049 1036 1203 1093 quibus

81 1116 204 1174 hujus
242 1116 486 1160 Nosocomii
528 1130 628 1160 cura
664 1115 916 1159 'demandata
948 1121 1036 1166 est,
1069 1127 1206 1171 agno-

82 1195 213 1238 vimus
249 1199 302 1238 ¹et
341 1193 659 1245 liberalitatem,
711 1200 750 1236 et
804 1191 1029 1244 auxilium,
1089 1190 1205 1247 quod

81 1272 211 1315 nobis
244 1271 541 1330 praestiterunt
585 1270 710 1328 >hujus
754 1269 889 1315 Urbis
932 1268 1204 1326 Magistratus

83 1348 361 1399 nobilissimi,
407 1362 635 1405 eorumque
676 1348 852 1391 Praeses
901 1345 1208 1391 aestumatissi-

82 1422 189 1472 mus}
252 1428 346 1470 Non
375 1425 515 1470 verbis
551 1425 664 1478 Vos,
697 1424 936 1476 seris-actis,
957 1422 1202 1466 humanita-

78 1508 173 1551 tem?
197 1512 379 1548 vestram
421 1503 688 1557 ostendistis;
719 1502 845 1559 idque
877 1501 1018 1560 palam
1061 1499 1199 1559 profi-

76 1582 154 1626 teri
173 1614 184 1635 ,
214 1581 275 1625 uti
316 1581 458 1638 juvat,
487 1579 544 1624 ita
568 1579 713 1623 =officii
740 1579 820 1623 mei
866 1579 990 1622 duco.
1024 1601 1074 1608 —
1109 1577 1200 1621 Nc-

77 1672 159 1717 que‘
194 1660 316 1703 etiam
350 1658 563 1702 reticenda
594 1665 656 1702 cst
686 1655 974 1700 benevolentia
1010 1662 1049 1699 et
1079 1653 1200 1698 auxi-

76 1736 203 1788 lium,
245 1736 360 1793 quod
399 1742 518 1779 antea
550 1735 787 1793 accepimus
832 1734 887 1777 ab
927 1733 1047 1789 liujus
1084 1733 1198 1775 Pro-

79 1813 242 1857 vinciae
255 1812 489 1857 Ordinibus
504 1844 515 1860 ‚
533 1811 643 1855 Viris
672 1810 937 1869 amplissimis
955 1841 966 1861 ,
980 1807 1199 1867 spectatis-

77 1889 205 1932 simis.
290 1889 595 1933 Lubentissime
653 1888 776 1932 etiam
819 1897 1198 1930 commemoramus

75 1965 232 2008 donum
271 1966 455 2018 lautum,
488 1965 602 2022 quod
635 1964 759 2008 nobis
803 1952 1030 2020 quotannis
1063 1962 1196 2006 mitti-

75 2046 143 2085 tur
179 2042 231 2085 ab
265 2041 477 2099 incognito
509 2041 692 2099 quodam
727 2042 816 2085 viro
841 2041 1078 2095 laudando,
1111 2040 1196 2084 hu—

76 2113 275 2157 manitate
307 2113 361 2156 ad
391 2113 435 2156 id
471 2119 697 2160 commoto.

100 2190 414 2234 ¹Veruntamen
461 2189 584 2247 hujus
613 2189 746 2235 Urbis
775 2187 1076 2232 Nosocornium
1110 2188 1194 2231 mi-

74 2266 180 2311 nime
218 2267 372 2312 s'ufficit
403 2267 596 2311 omnibus
622 2265 829 2311 Maniacis
857 2265 902 2308 in
927 2273 1073 2308 nostra
1106 2265 1195 2308 Pa·

75 2344 150 2387 tria
201 2344 397 2389 curandis
429 2343 561 2403 (15);
594 2359 723 2400 quare
757 2344 878 2400 longe
900 2341 1078 2386 maxima
1118 2356 1194 2387 eo*

989 2423 1014 2449 r>

991 2450 1015 2461 m
