1492 2896
282 244 666 286 PHILOSOPHICO
679 266 694 273 -
708 241 1013 283 HISTORICA.
1130 253 1200 289 157

105 370 146 399 ut
179 359 358 409 jugurtha
406 356 560 393 Romam
607 353 816 402 relinquens
864 353 1001 391 dixisse
1038 350 1205 396 feratur,

107 429 230 467 urbem
263 427 424 466 venalem
457 435 491 463 ct
524 434 672 462 mature
702 425 913 474 perituram
929 450 942 468 ‚
974 424 1006 461 si
1035 431 1206 460 amtorem

106 501 296 537 invenisset
320 498 402 545 (ι).
457 497 541 543 lpse
566 504 685 532 autem
710 496 864 532 Senatus
893 492 970 529 auri
1003 492 1211 540 rapiebatur

109 579 145 605 et
169 567 325 615 partium
352 565 491 603 studio.
541 565 781 602 Revertamur
804 565 848 601 ad
875 564 1071 611 elegantem
1092 561 1214 600 Mem·

113 623 405 674 mii-orationem
421 662 434 681 ‚
465 634 694 681 „Postremo
710 636 746 680 ,”
773 632 919 680 inquit,
953 658 977 678 ‚,
992 633 1111 679 leges,
1138 642 1211 668 ma-

109 708 224 756 jestas
261 715 411 752 vestra,
443 704 565 742 divina
600 712 645 740 etr
667 703 847 747 humana,
883 701 1003 740 omnia
1040 700 1216 738 hostibus

113 775 244 813 tradita
271 783 386 813 sunt.
438 773 574 820 Neque
594 783 703 820 eos,
737 772 802 820 qui
823 783 880 810 ⁴ea
916 770 1067 817 fecere,
1102 771 1217 819 pudet

113 855 177 883 aut
206 844 390 893 poenitet:
432 844 497 881 sed
533 843 708 881 incedunt
739 854 804 891 per
836 853 900 880 ora
928 850 1050 880 vestra
1077 841 1219 890 magni-

116 914 206 961 fiee,
232 913 432 952 sacerdotia
459 922 495 951 et
514 914 755 960 consulatus,
780 923 864 960 pars
892 911 1101 959 triumphos
1127 921 1219 948 suos

117 993 371 1024 ostentantes:
400 984 549 1032 perinde
574 976 690 1032 quasi*
708 994 746 1020 ea
779 981 940 1028 honori,
968 981 1221 1030 nonwpraedae

117 1054 287 1092 habeant.
341 1053 446 1090 Servi
468 1064 548 1090 aere
569 1052 682 1100 parati
712 1052 861 1100 imperia
889 1051 1026 1100 injusta
1049 1051 1220 1088 domino-

117 1136 197 1163 rum
231 1134 307 1161 non
339 1121 553 1170 perferunt3
583 1122 665 1160 Vos
685 1150 698 1169 .,
724 1121 918 1171 Quirites,
945 1121 1103 1169 imperio
1123 1120 1223 1166 nati,

115 1204 232 1241 aequo
253 1193 374 1231 animo
394 1191 611 1230 servitutem
633 1191 826 1229 toleratis?
858 1192 910 1229 At
926 1191 992 1239 qui
1005 1199 1093 1228 sunt
1105 1190 1144 1228 hi
1159 1190 1226 1238 qui

119 1263 380 1315 rempublicam
406 1262 666 1310 occupavere?
705 1261 887 1300 Homines
910 1259 1224 1307 sceleratissumi,

117 1334 281 1372 cruentis
309 1333 501 1380 manibus,
528 1333 675 1370 immani
709 1331 885 1379 avaritia,
925 1330 1224 1378 nocentissumi,

120 1405 290 1452 idemque
319 1403 621 1451 superbissumi3
656 1404 741 1449 quis
769 1401 886 1448 fides,
913 1402 1053 1447 decus,
1080 1400 1226 1448 pietas,

120 1484 309 1523 postremo
339 1473 493 1511 honesta
526 1481 635 1520 atque
666 1472 861 1510 inhonesta
900 1471 1023 1509 omnia
1057 1472 1227 1518 quaestui

121 1553 224 1582 sunt.
251 1566 302 1573 —
352 1542 499 1592 Quodsi
527 1550 597 1580 tam
631 1553 700 1579 vos
725 1541 902 1579 libertatis
928 1552 1051 1579 curam
1078 1540 1229 1579 habere-

123 1615 198 1660 tis,
220 1624 326 1660 quam
353 1613 405 1650 illi
435 1613 479 1650 ad
505 1611 793 1652 dominationem
820 1611 967 1649 accensi
992 1621 1110 1658 sunt3
1143 1597 1232 1660 pro}

124 1681 222 1720 fecto
263 1694 383 1730 neque
419 1681 650 1730 respublica,
687 1681 798 1719 sicuti
830 1692 958 1727 nunc,
978 1689 1227 1728 .vastaretur;

126 1762 161 1791 et
190 1752 366 1790 beneficia
396 1760 516 1790 vestra
545 1762 657 1800 penes
687 1759 892 1799 optumOS,
919 1761 996 1789 non
1018 1750 1229 1788 audacissu-

125 1834 207 1860 mos
233 1821 397 1860 forent.'’

177 1892 257 1929 Nec
293 1893 441 1930 meliora
469 1903 574 1940 passa
599 1892 728 1929 deinde
750 1891 958 1940 respublica
983 1892 1150 1930 Romana
1173 1900 1230 1930 est

127 1962 239 2000 Marii
274 1972 308 2000 et
346 1962 468 2010 Syllae
502 1961 830 2007 contentionibus,
876 1973 969 2008 quae
996 1972 1072 1999 non
1104 1961 1230 2009 prouti

129 2033 269 2080 priores
306 2033 436 2080 populi
470 2031 720 2070 altercationes
752 2032 797 2068 ad
821 2030 1074 2069 stabiliendam
1101 2042 1234 2078 aequa,

126 2101 261 2140 litatem
287 2102 518 2150 pertinebant
537 2112 847 2148 communemque
867 2101 1082 2149 spectabant
1094 2101 1231 2143 civium

128 2182 296 2218 causam,
344 2172 409 2209 sed
445 2172 488 2209 ad
524 2171 679 2221 partium
719 2170 970 2210 referebantur
1014 2173 1232 2218 commoda,

132 2249 170 2276 ut
195 2241 300 2278 altera
334 2252 515 2278 summum
546 2242 583 2279 in
609 2241 756 2280 civitate
786 2241 978 2290 imperium
1011 2253 1096 2290 prae
1123 2243 1234 2281 altera

174 2359 219 2396 (6)
244 2358 320 2388 Sall.
345 2359 364 2389 l.
391 2359 410 2389 l.
432 2370 463 2390 c.
485 2360 534 2390 55.
566 2361 617 2392 Cf.
640 2360 684 2391 id.
706 2371 733 2391 c.
755 2361 786 2391 8.
1167 2313 1235 2350 Db·
