1492 2896
255 247 295 280 74
594 244 1031 280 ADNOTATIO.

297 377 372 424 (13)
398 377 430 411 J.
454 376 695 417 Guislain,
725 376 841 410 'fraite
876 388 936 410 sur
963 377 1181 412 l’alienation
1195 378 1350 412 mentale

249 444 285 471 et
310 450 368 472 sm·
398 438 447 471 les
472 437 631 483 Hospices
656 437 716 471 des
739 436 892 473 Alidnes.
919 436 1029 473 Amst.
1055 437 1156 473 1826.
1181 438 1202 473 2
1227 438 1323 474 Tom.

293 557 370 603 (14)
394 557 469 591 Non
507 557 634 593 inutile
656 557 742 592 (luxi
766 557 910 592 brevem
932 556 1041 602 hujus
1069 557 1262 592 Nosocomii
1286 558 1350 592 de-

247 617 471 664 scriptionem
493 617 548 652 his
571 618 717 659 addere,
747 629 790 652 ex
814 629 883 664 qua
907 617 1068 664 inprimis
1093 624 1233 664 pateat,
1262 631 1351 665 qua-

245 677 287 712 lis
312 678 357 712 sit
379 679 456 723 ejus
479 678 745 713 administrandi
768 678 871 713 ratio.

289 738 381 773 Ante
412 750 542 774 annum
583 739 667 774 1831
709 739 775 774 soli
816 739 984 781 Maniaci,
1023 739 1193 774 inferiore
1226 739 1351 774 ordine

243 800 336 841 nati,
373 800 411 834 in
423 799 490 834 hoc
524 799 720 834 aedificium
739 800 1023 849 recipiebantur,
1051 799 1114 846 qui
1136 800 1186 834 ibi
1208 799 1349 834 cancel-

246 859 289 892 lis
322 859 479 904 angustis
510 859 715 905 putidisque
744 860 889 902 inclusi,
934 865 1113 894 caeterum
1143 859 1210 893 sibi
1233 859 1350 894 relicti

244 925 365 960 erant,
391 931 477 953 sexu
499 925 650 966 utroque
672 920 766 954 inter
787 931 824 955 se
846 920 1048 956 commixto.
1086 920 1257 955 Numerus
1279 921 1349 956 alio

244 992 337 1015 anno
372 980 479 1022 alius,
508 980 558 1015 ita
581 986 719 1023 tamen,
747 987 787 1015 ut
810 985 899 1015 esset
926 981 1002 1015 fere
1038 981 1133 1015 inter
1161 981 1290 1027 viginti
1312 987 1349 1015 et

247 1041 403 1086 triginta.

292 1102 421 1136 Verum
445 1102 526 1136 inde
572 1103 616 1136 ab
653 1113 745 1136 anno
784 1102 870 1136 1831
905 1113 1018 1148 usque
1047 1102 1092 1136 ad
1125 1102 1222 1136 hunc
1257 1101 1348 1135 diem

245 1162 353 1208 magis
372 1162 552 1208 magisque
574 1162 797 1196 emendatum
820 1168 856 1197 et
878 1168 1020 1197 auctum
1045 1161 1114 1196 fuit
1138 1161 1348 1204 aedificium,

246 1224 292 1256 ita
329 1227 368 1256 ut
397 1222 502 1255 etiam
527 1222 623 1256 horti
655 1222 790 1255 fuerint
821 1222 946 1264 additi,
975 1221 1085 1267 spatia
1113 1226 1192 1267 apta
1215 1221 1259 1256 ad
1288 1225 1349 1256 ae-

244 1294 319 1317 rem
343 1282 519 1317 salubrem
541 1288 576 1316 et
600 1282 751 1316 liberum
772 1281 1028 1323 hauriendum,
1045 1281 1089 1316 ad
1114 1281 1349 1316 exercendum

243 1355 369 1389 corpus
392 1343 615 1388 diversosque
648 1343 749 1376 ludos
773 1348 809 1375 et
843 1342 980 1376 labores
1011 1342 1265 1384 instituendos,
1293 1348 1348 1376 at-

244 1414 314 1449 que
336 1403 512 1444 officinae,
530 1403 567 1436 in
590 1402 716 1448 quibus
742 1402 880 1437 diversa
893 1414 1001 1448 opera
1023 1413 1042 1437 a
1065 1401 1226 1437 Maniacis
1238 1402 1345 1448 perfi-

244 1465 398 1500 ciuntur.
618 1463 621 1466 ’

293 1523 475 1559 Provisum
496 1524 601 1558 etiam
624 1530 697 1565 est,
713 1529 752 1557 ut
775 1528 889 1557 essent
914 1523 990 1558 loca
1013 1529 1049 1556 et
1074 1524 1184 1569 spatia
1203 1528 1345 1569 aperta,

243 1586 325 1626 ubi,
375 1585 436 1631 qui
478 1584 659 1629 agiliores,
704 1584 990 1618 tumultuosiores
1020 1588 1081 1618 aut
1114 1583 1220 1617 etiam
1254 1583 1344 1618 furi-

242 1646 355 1680 bundi
377 1650 505 1686 essent,
523 1644 672 1690 separati
682 1644 726 1678 ab
739 1644 818 1678 aliis
842 1644 918 1678 sine
938 1655 1000 1678 suo
1011 1644 1231 1690 aliorumque
1247 1644 1344 1690 peri—

244 1707 324 1741 culo
348 1710 429 1740 aere
454 1705 566 1739 libero
599 1705 670 1738 frui
695 1710 856 1750 possent:
883 1704 1038 1750 denique
1058 1703 1135 1749 jam
1163 1704 1232 1738 hoc
1254 1709 1343 1738 tem-

244 1780 328 1815 pore
346 1772 578 1801 exstruuntur
598 1766 776 1808 officinae,
806 1765 933 1811 quibus
955 1765 1051 1799 varia
1075 1765 1213 1811 opificia
1237 1770 1346 1811 atque

246 1830 382 1863 labores
411 1828 594 1874 separatim
613 1826 735 1873 perfici
759 1838 779 1861 a
804 1826 966 1861 Maniacis
984 1831 1129 1872 possunt
1144 1837 1153 1869 3
1169 1824 1262 1872 quod
1283 1836 1345 1860 au-

245 1897 313 1923 tem
346 1889 494 1922 maxime
519 1887 753 1922 necessarium
775 1892 828 1920 est
853 1887 891 1920 in
916 1885 1088 1932 ejusmodi
1109 1885 1341 1927 Nosocomiis,

245 1962 346 1984 sexus
369 1956 518 1995 uterque
540 1960 682 1994 prorsus
706 1948 801 1981 inter
822 1959 858 1982 se
880 1953 932 1982 est
954 1952 1144 1993 separatus.

290 2011 348 2045 llis
361 2011 508 2055 aliisque
533 2009 703 2043 institutis
725 2014 761 2043 et
786 2008 998 2050 emendatis,
1026 2018 1193 2042 numerus
1212 2005 1340 2041 Mania-

244 2083 364 2106 oorum
378 2071 621 2115 cujuscunque
646 2070 714 2103 loci
739 2069 939 2111 etordinis,
968 2068 1027 2115 qui
1052 2068 1174 2103 adhoc
1193 2067 1342 2102 Nosoco-

244 2133 351 2167 mium
388 2131 640 2169 mittebantur,
668 2131 855 2176 quotannis
894 2130 1084 2175 insigniter
1107 2133 1231 2164 auctus
1263 2127 1343 2161 fuit.

247 2195 283 2227 lli
310 2194 345 2226 in
360 2192 568 2231 tresolasses
582 2191 683 2224 divisi
709 2196 810 2232 sunt,
833 2191 869 2223 in
881 2189 1193 2231 (litiores‚mediae
1219 2187 1342 2222 condi-

247 2254 368 2286 tionis.
400 2258 434 2285 et
454 2263 634 2297 pauperes.
659 2268 704 2275 —-
731 2250 883 2295 Singulis
906 2249 960 2283 his
997 2248 1162 2283 elassibus
1185 2247 1344 2282 diversae

245 2321 323 2348 sunt
350 2312 496 2347 aedificii
534 2317 668 2357 pax-tes,
703 2323 788 2357 quas
814 2311 994 2351 habitant,
1021 2309 1115 2343 horti
1151 2313 1187 2342 et
1210 2307 1344 2355 spatia„
