1492 2896
308 297 330 331 4
540 285 1176 327 INTRODUcTta

310 422 402 458 quae
430 423 582 460 prorsus
605 414 749 450 eosdem
780 413 932 451 habeant
952 415 1177 453 characteres
1199 415 1402 463 genericos.

307 482 466 529 Itaque,
490 484 628 519 nullum
667 491 722 519 est
762 493 908 531 genus,
943 486 1042 530 quod
1084 487 1206 531 plures
1241 484 1405 522 continet

306 550 480 600 species,
507 553 546 588 in
589 563 664 599 quo
697 553 919 590 characteres
959 563 1087 589 omnes
1123 554 1248 592 stricte
1269 564 1405 592 conve·

304 619 406 658 niant
437 631 520 658 cum
559 620 727 671 omnibus
754 621 946 669 speciebus
987 622 1030 658 ad
1058 622 1150 659 illud
1193 622 1402 670 pertinenti·

304 688 390 727 bus.
442 689 550 736 Inde,
597 692 709 727 semel
743 698 939 739 systemate
973 691 1210 738 constitum,
1237 702 1402 730 necessa-

303 758 359 795 rio
391 759 552 797 accidere
585 759 739 807 debuit,
767 769 808 797 ut
833 760 1038 808 scriptores
1073 767 1269 807 sequentes
1307 761 1405 798 dice-

303 837 407 875 rent,
433 829 656 867 characteres
678 840 847 877 generum
876 830 922 867 ad
953 840 1080 867 omnes
1114 829 1257 877 species
1288 830 1404 877 appli-

303 897 402 944 cari,
431 906 467 935 et
502 899 614 935 multa
645 897 808 936 animalia
831 899 1022 936 commode
1058 898 1182 937 referri
1206 908 1282 936 non
1313 909 1401 947 pos-

301 977 343 1004 se
369 968 414 1004 ad
437 967 587 1013 aliquod
618 979 755 1015 genus,
786 979 942 1014 quorum
969 979 1142 1007 numerus
1164 967 1265 1012 ideo,
1299 978 1401 1017 prae-

301 1035 424 1074 sertim
461 1037 533 1074 hoc
565 1037 737 1083 saecuio,
766 1039 873 1076 novis
911 1038 1105 1086 generibus
1143 1037 1398 1083 feracissimo,

301 1105 339 1142 in
368 1104 582 1143 immensum
616 1108 731 1144 crevit
758 1118 791 1145 et
819 1117 970 1145 crescet.
1005 1109 1085 1154 Ita,
1120 1117 1160 1145 ut
1192 1108 1397 1155 exemplum

299 1173 469 1221 afferam,
511 1177 647 1213 insecta
682 1177 842 1222 (scilicet
876 1189 918 1214 eo
952 1188 1061 1214 sensu
1095 1188 1171 1223 quo
1208 1177 1317 1214 hodie
1346 1176 1398 1213 di-

299 1244 456 1290 cuntur)
482 1257 501 1282 a
539 1245 771 1283 Linnaeo
813 1247 848 1283 in
883 1249 929 1294 63
964 1257 1092 1293 genera
1118 1245 1397 1291 dividebantur,

300 1326 457 1361 quorum
495 1314 729 1353 Latreille
768 1328 862 1363 1177
908 1316 1044 1361 habet,
1094 1316 1179 1352 dum
1218 1323 1398 1363 praeterea

300 1386 369 1422 168
400 1394 529 1432 genera
554 1386 704 1421 aliorum
731 1385 840 1428 citat,
870 1397 962 1431 quae
983 1384 1172 1423 brevitatis
1189 1395 1300 1423 causa
1320 1394 1397 1422 non

294 1454 492 1501 assumsit3
530 1453 578 1490 ita
611 1465 786 1501 quoque,
824 1453 909 1488 loco
934 1453 1044 1488 unius
1081 1455 1223 1499 generis
1257 1453 1399 1489 Carabi

292 1521 539 1570 Linnaei,
565 1532 663 1559 nunc
691 1534 758 1561 122
786 1531 913 1568 genera
934 1519 1138 1567 habemus;
1176 1530 1395 1568 quamquam

293 1591 365 1629 hoc
393 1591 522 1638 partim
555 1592 660 1628 etiarn
696 1590 929 1628 tribuendum
973 1598 1029 1627 est
1066 1589 1206 1638 ingenti
1239 1600 1392 1628 numero

293 1658 544 1705 insectorum,
572 1670 664 1705 quae
698 1659 734 1695 in
773 1659 954 1706 Europa,
976 1667 1012 1695 et
1052 1658 1206 1696 maxime
1241 1660 1278 1697 in
1310 1659 1391 1698 aliis

291 1727 392 1767 orbis
429 1736 604 1765 terrarum
644 1728 858 1775 regionibus
893 1737 1023 1775 postea
1057 1729 1198 1766 detecta
1227 1737 1316 1766 sunt
1355 1737 1392 1767 et

290 1797 456 1845 quotidie
478 1798 596 1835 adhuc
628 1797 887 1840 inveniuntur,
926 1798 974 1835 ita
997 1809 1035 1835 v.
1063 1809 1097 1835 c.
1128 1797 1233 1835 unice
1250 1796 1391 1848 Coleop-

287 1875 476 1912 tororum,
512 1867 621 1903 hodie
648 1877 768 1914 30000
795 1866 997 1913 specierum
1031 1875 1118 1904 sunt
1142 1867 1302 1915 cognita.
1336 1890 1390 1899 —

287 1936 383 1974 Sunt
417 1944 598 1983 praeterea
626 1937 789 1972 animalia
821 1947 977 1982 quorum
1017 1947 1158 1982 mares,
1186 1937 1385 1975 secundum

285 2006 430 2042 strictas
450 2004 738 2042 classificationis
762 2006 925 2052 regulas,
967 2006 1116 2052 proprie
1139 2006 1182 2042 ad
1203 2005 1301 2043 aliud
1324 2016 1386 2053 ge·

286 2087 355 2113 nus
392 2074 568 2112 referendi
605 2083 726 2111 essent
763 2085 868 2120 quam
909 2073 1090 2120 feminae,
1123 2085 1156 2111 e.
1184 2085 1221 2121 g.
1249 2074 1384 2111 insecta

286 2147 352 2194 (de
380 2144 436 2180 his
470 2144 562 2181 enini
588 2144 658 2180 hoc
694 2144 776 2179 loco
811 2142 988 2189 imprimis
1034 2153 1152 2180 sermo
1195 2142 1382 2180 habendus

284 2214 392 2261 est),
422 2213 596 2250 Lacum
621 2224 748 2249 cervus
787 2211 857 2259 (ι)
893 2219 1042 2258 propter
1069 2210 1380 2257 mandibularum,

1282 2279 1378 2317 Pha-

322 2359 371 2399 (ι)
394 2356 526 2387 Βῦεεί,
550 2361 623 2385 tom,
652 2355 695 2386 Η.
721 2356 782 2385 trib.
808 2355 846 2383 Vv
871 2365 938 2393 pag.
959 2354 1007 2384 63.
