1492 2896
251 228 981 275 PHILOSOPHICO-HISTORICA.
1112 246 1128 273 1
1141 246 1181 273 11

71 338 196 386 μόνος,
246 341 495 388 συντρέχοντες
543 341 602 379 καὶ
641 343 981 391 κατακοσμούμενοι.
1021 347 1185 384 τοσοῦτον

70 411 189 455 περιῆν
226 409 388 455 εὐνομίας
426 416 470 456 τῇ
508 409 609 449 πόλει
648 411 708 449 καὶ
744 411 1008 458 δικαιοσύνης.”
1072 412 1184 450 Unde

68 466 180 524 igitur
204 485 329 527 tantus
359 479 509 525 Spartae
537 478 669 526 vigor,
701 489 799 516 tanta
826 480 1060 519 auctoritas?
1107 480 1187 520 Sci-

64 544 179 591 licet,
217 557 293 583 non
325 548 520 593 repetenda
547 560 656 587 causa
679 549 907 587 extrinsecus
935 557 1022 597 est,
1051 552 1116 589 sed
1141 563 1194 591 ex*

67 615 147 664 ipsa
172 617 302 654 morali
329 618 593 667 Spartanorum
620 619 866 666 praestantia,
899 621 1079 668 quodque
1104 632 1189 660 cum

72 686 115 722 ea
156 696 301 734 semper
340 688 516 737 conjungi
556 689 679 735 solet,
718 690 839 738 legum
880 689 1066 739 obsequio
1103 693 1187 742 (1).

69 754 249 794 Cernitur
284 757 356 794 hoc
392 757 571 805 imprimis
609 757 790 798 bellorum
825 761 1056 800 Persicorum
1096 772 1189 801 tem-

71 835 178 872 pore.
229 825 421 864 Acerrimo
450 827 682 874 praestabant
709 829 878 877 Spartani
903 831 1085 870 libertatis
1111 840 1191 871 stu-

73 894 160 941 dio,
197 906 263 934 nec
301 905 419 934 tamen
455 899 553 945 leges
580 907 742 937 evertere
770 909 883 948 atque
909 902 959 939 ita
987 901 1061 939 sibi
1086 914 1191 940 com-

72 976 199 1012 parare
236 965 438 1004 libertatem
485 969 744 1018 conabantur3
786 970 861 1008 imo
903 983 992 1010 vero
1031 972 1069 1010 in
1103 971 1189 1020 ipso

71 1035 192 1081 legum
232 1032 337 1072 'cultu
380 1036 539 1083 positam
589 1049 672 1077 esse
720 1039 927 1079 libertatem
972 1042 1189 1081 censebant.

77 1103 149 1141 Sed
166 1114 212 1140 ne
228 1104 299 1141 hoc
322 1106 438 1143 veluti
461 1119 504 1145 ex
519 1108 666 1156 tripode
689 1110 810 1149 dicere
830 1112 1043 1160 videamur,
1069 1124 1192 1152 exem-

71 1172 144 1222 plis
171 1183 373 1223 utrumque
397 1176 642 1216 illustremus.

120 1242 252 1291 Itaque
289 1256 429 1292 quanto
467 1247 657 1295 flagrarint
691 1250 835 1298 optima
861 1260 980 1291 aetate
1007 1253 1190 1294 libertatis

71 1310 200 1351 ardore
237 1315 433 1363 Spartani,
471 1317 596 1357 missis
625 1320 735 1358 etiam
761 1320 927 1360 fortibus
956 1323 1120 1362 virorum
1149 1324 1189 1375 in

72 1383 170 1422 bello
198 1384 455 1434 facinoribus,
482 1389 625 1436 optime
647 1390 858 1439 perspicere
878 1392 963 1431 licet
977 1405 1021 1431 ex
1034 1394 1191 1444 eleganti

72 1451 286 1494 Herodotea
308 1457 540 1506 narratione,
567 1460 680 1498 nobis
705 1456 801 1500 haud
824 1462 1054 1512 negligenda.
1092 1465 1189 1503 Nar-

71 1533 125 1562 rat
152 1524 212 1562 ille
233 1526 278 1563 de
305 1527 475 1575 Sperthia
501 1537 536 1567 et
562 1530 719 1579 Bulide,
750 1532 960 1581 Spartanis,
987 1533 1051 1582 qui
1080 1535 1188 1573 liberi

70 1605 141 1642 pro
176 1595 292 1642 patria
332 1606 488 1636 mortem
528 1599 702 1648 obirent,
741 1612 784 1640 ut
818 1605 964 1652 culpam
1000 1605 1190 1653 expiarent

71 1663 208 1702 civium
247 1677 429 1715 suorum,
472 1669 536 1717 qui
580 1672 673 1708 male
710 1673 799 1709 olim
838 1674 1057 1713 habuissent
1088 1677 1190 1715 Darii

70 1734 227 1780 legatos,
281 1736 374 1774 Susa
400 1738 563 1785 profecti
589 1741 744 1778 veniunt
772 1754 843 1780 una
868 1745 913 1782 ad
944 1745 1155 1793 Hydarnem
1174 1775 1188 1794 ,

17 1841 20 1844 ,
70 1813 156 1841 orae
192 1805 301 1843 Asiae
337 1807 540 1846 maritimae
579 1809 823 1857 praefectum.
879 1814 1072 1853 Convivio
1100 1816 1192 1855 libe·

70 1872 193 1911 taliter
230 1870 408 1923 exceptos
448 1879 520 1916 hoc
564 1882 676 1918 modo
715 1883 919 1931 alloquitur
960 1885 1185 1934 Hydarnes:

74 1943 218 1993 „Quid
261 1947 432 1994 tandem,
474 1948 544 1986 viri
578 1949 890 2001 Lacedaemonii,
928 1956 1066 1994 amicos
1093 1958 1189 2008 Regi

71 2012 150 2051 fieri
189 2015 359 2063 negatis?
402 2028 483 2056 nam
526 2018 690 2068 videtis,
732 2025 798 2069 qui
835 2023 927 2061 sciat
964 2025 1047 2064 Rex
1071 2026 1189 2067 fortes

74 2084 177 2122 viros
211 2086 358 2124 honore
394 2090 601 2137 prosequi,
637 2103 695 2129 me
722 2101 758 2130 et
784 2104 841 2132 res
869 2105 966 2133 meas
990 2097 1191 2145 respicien-

73 2161 145 2193 tes.
200 2155 253 2193 Ita
276 2156 390 2205 igitur
418 2169 486 2196 vos
515 2171 694 2209 quoque,
729 2162 762 2200 si
788 2174 935 2203 vosmet
962 2167 1066 2215 ipsos
1093 2169 1188 2218 Regi

74 2224 323 2274 tradideritis,
366 2227 654 2276 (existimamini
689 2233 783 2271 enim
813 2235 857 2272 ab
885 2235 950 2274 illo
976 2236 1094 2276 fortes
1121 2239 1189 2277 viri

1108 2321 1164 2347 SSQ

118 2358 164 2396 (ι)
192 2357 340 2400 Xenoph.
367 2360 386 2389 Ι.
411 2360 434 2389 i.
1084 2321 1104 2347 e
1168 2311 1188 2357 D
