<?xml version="1.0" encoding="UTF-8"?>
<!DOCTYPE html PUBLIC "-//W3C//DTD XHTML 1.0 Transitional//EN"
    "http://www.w3.org/TR/xhtml1/DTD/xhtml1-transitional.dtd">
<html xmlns="http://www.w3.org/1999/xhtml" xml:lang="en" lang="en">
 <head>
  <title>
</title>
<meta http-equiv="Content-Type" content="text/html;charset=utf-8" />
  <meta name='ocr-system' content='tesseract 3.04.00' />
  <meta name='ocr-capabilities' content='ocr_page ocr_carea ocr_par ocr_line ocrx_word'/>
</head>
<body>
  <div class='ocr_page' id='page_1' title='image "annalesacademiae36acad_0481.png"; bbox 0 0 1492 2896; ppageno 0'>
   <div class='ocr_carea' id='block_1_1' title="bbox 325 216 1247 262">
    <p class='ocr_par' dir='ltr' id='par_1_1' title="bbox 325 216 1247 262">
     <span class='ocr_line' id='line_1_1' title="bbox 325 216 1247 262; baseline -0.009 -2"><span class='ocrx_word' id='word_1_1' title='bbox 325 217 708 260; x_wconf 86' lang='lat' dir='ltr'><strong>PHILOSOPHICO</strong></span> <span class='ocrx_word' id='word_1_2' title='bbox 721 240 737 249; x_wconf 88' lang='lat'><strong>·</strong></span> <span class='ocrx_word' id='word_1_3' title='bbox 747 216 1058 259; x_wconf 88' lang='lat' dir='ltr'><strong>HISTORICA.</strong></span> <span class='ocrx_word' id='word_1_4' title='bbox 1177 224 1247 262; x_wconf 80' lang='lat'>143</span> 
     </span>
    </p>
   </div>
   <div class='ocr_carea' id='block_1_2' title="bbox 145 324 1259 2117">
    <p class='ocr_par' dir='ltr' id='par_1_2' title="bbox 145 324 1253 1069">
     <span class='ocr_line' id='line_1_2' title="bbox 148 324 1246 376; baseline -0.008 -7"><span class='ocrx_word' id='word_1_5' title='bbox 148 332 272 369; x_wconf 81' lang='lat' dir='ltr'>autem‘·</span> <span class='ocrx_word' id='word_1_6' title='bbox 286 329 499 376; x_wconf 80' lang='lat' dir='ltr'>populisciti</span> <span class='ocrx_word' id='word_1_7' title='bbox 522 334 792 374; x_wconf 67' lang='lat' dir='ltr'>tantus‘postea</span> <span class='ocrx_word' id='word_1_8' title='bbox 809 326 946 364; x_wconf 86' lang='lat' dir='ltr'>abusus</span> <span class='ocrx_word' id='word_1_9' title='bbox 969 325 1039 363; x_wconf 86' lang='lat' dir='ltr'>fuit</span> <span class='ocrx_word' id='word_1_10' title='bbox 1053 352 1066 372; x_wconf 83' lang='lat'>‚</span> <span class='ocrx_word' id='word_1_11' title='bbox 1088 332 1128 362; x_wconf 92' lang='lat' dir='ltr'>ut</span> <span class='ocrx_word' id='word_1_12' title='bbox 1146 324 1246 369; x_wconf 81' lang='lat' dir='ltr'>nulla</span> 
     </span>
     <span class='ocr_line' id='line_1_3' title="bbox 147 394 1246 450; baseline -0.006 -13"><span class='ocrx_word' id='word_1_13' title='bbox 147 401 253 448; x_wconf 81' lang='lat' dir='ltr'>plane</span> <span class='ocrx_word' id='word_1_14' title='bbox 266 398 516 445; x_wconf 74' lang='lat' dir='ltr'>requireretur</span> <span class='ocrx_word' id='word_1_15' title='bbox 537 397 711 437; x_wconf 88' lang='lat' dir='ltr'>Politicae</span> <span class='ocrx_word' id='word_1_16' title='bbox 732 395 881 443; x_wconf 84' lang='lat' dir='ltr'>peritia,</span> <span class='ocrx_word' id='word_1_17' title='bbox 904 396 968 433; x_wconf 80' lang='lat' dir='ltr'>sed</span> <span class='ocrx_word' id='word_1_18' title='bbox 988 394 1246 450; x_wconf 76' lang='lat' dir='ltr'>unusquisque</span> 
     </span>
     <span class='ocr_line' id='line_1_4' title="bbox 148 463 1248 516; baseline -0.005 -10"><span class='ocrx_word' id='word_1_19' title='bbox 148 469 193 512; x_wconf 88' lang='lat' dir='ltr'>de</span> <span class='ocrx_word' id='word_1_20' title='bbox 214 467 436 516; x_wconf 79' lang='lat' dir='ltr'>gravissimis</span> <span class='ocrx_word' id='word_1_21' title='bbox 461 466 569 504; x_wconf 88' lang='lat' dir='ltr'>rebus</span> <span class='ocrx_word' id='word_1_22' title='bbox 594 466 760 513; x_wconf 76' lang='lat' dir='ltr'>publica-s</span> <span class='ocrx_word' id='word_1_23' title='bbox 785 465 995 507; x_wconf 78' lang='lat' dir='ltr'>institueret</span> <span class='ocrx_word' id='word_1_24' title='bbox 1017 463 1248 509; x_wconf 73' lang='lat' dir='ltr'>deliberatio-</span> 
     </span>
     <span class='ocr_line' id='line_1_5' title="bbox 145 534 1247 583; baseline -0.005 -8"><span class='ocrx_word' id='word_1_25' title='bbox 145 548 237 583; x_wconf 73' lang='lat' dir='ltr'>nes,¹</span> <span class='ocrx_word' id='word_1_26' title='bbox 267 537 368 573; x_wconf 78' lang='lat' dir='ltr'>faber</span> <span class='ocrx_word' id='word_1_27' title='bbox 403 535 608 583; x_wconf 81' lang='lat' dir='ltr'>lignarius,</span> <span class='ocrx_word' id='word_1_28' title='bbox 648 534 829 579; x_wconf 84' lang='lat' dir='ltr'>aerarius,</span> <span class='ocrx_word' id='word_1_29' title='bbox 870 544 1001 579; x_wconf 79' lang='lat' dir='ltr'>sutor,</span> <span class='ocrx_word' id='word_1_30' title='bbox 1041 541 1247 580; x_wconf 83' lang='lat' dir='ltr'>mercator,</span> 
     </span>
     <span class='ocr_line' id='line_1_6' title="bbox 148 601 1249 654; baseline -0.005 -10"><span class='ocrx_word' id='word_1_31' title='bbox 148 615 281 654; x_wconf 79' lang='lat' dir='ltr'>nauta,</span> <span class='ocrx_word' id='word_1_32' title='bbox 311 607 443 652; x_wconf 82' lang='lat' dir='ltr'>dives,</span> <span class='ocrx_word' id='word_1_33' title='bbox 486 615 648 653; x_wconf 81' lang='lat' dir='ltr'><strong>pauper,</strong></span> <span class='ocrx_word' id='word_1_34' title='bbox 683 603 845 650; x_wconf 87' lang='lat' dir='ltr'>nobilis,</span> <span class='ocrx_word' id='word_1_35' title='bbox 879 601 1080 650; x_wconf 86' lang='lat' dir='ltr'>ignobilis,</span> <span class='ocrx_word' id='word_1_36' title='bbox 1119 612 1249 639; x_wconf 88' lang='lat' dir='ltr'>omnes</span> 
     </span>
     <span class='ocr_line' id='line_1_7' title="bbox 147 668 1252 723; baseline -0.005 -10"><span class='ocrx_word' id='word_1_37' title='bbox 147 674 288 723; x_wconf 39' lang='lat' dir='ltr'>pariter*</span> <span class='ocrx_word' id='word_1_38' title='bbox 305 673 563 722; x_wconf 88' lang='lat' dir='ltr'><strong>rempublicam</strong></span> <span class='ocrx_word' id='word_1_39' title='bbox 587 681 753 722; x_wconf 87' lang='lat' dir='ltr'><strong>gererent</strong></span> <span class='ocrx_word' id='word_1_40' title='bbox 767 672 845 721; x_wconf 87' lang='lat'><strong>(1).</strong></span> <span class='ocrx_word' id='word_1_41' title='bbox 886 668 970 721; x_wconf 87' lang='lat' dir='ltr'>Qua</span> <span class='ocrx_word' id='word_1_42' title='bbox 994 670 1141 718; x_wconf 85' lang='lat' dir='ltr'>quidem</span> <span class='ocrx_word' id='word_1_43' title='bbox 1165 681 1252 719; x_wconf 87' lang='lat' dir='ltr'>per-</span> 
     </span>
     <span class='ocr_line' id='line_1_8' title="bbox 146 740 1249 789; baseline -0.005 -7"><span class='ocrx_word' id='word_1_44' title='bbox 146 755 252 782; x_wconf 83' lang='lat' dir='ltr'>versa</span> <span class='ocrx_word' id='word_1_45' title='bbox 284 743 421 781; x_wconf 84' lang='lat' dir='ltr'>civium</span> <span class='ocrx_word' id='word_1_46' title='bbox 453 743 696 789; x_wconf 83' lang='lat' dir='ltr'>aequalitate,</span> <span class='ocrx_word' id='word_1_47' title='bbox 730 752 838 789; x_wconf 89' lang='lat' dir='ltr'>quam</span> <span class='ocrx_word' id='word_1_48' title='bbox 867 740 1067 780; x_wconf 86' lang='lat' dir='ltr'>immutatis</span> <span class='ocrx_word' id='word_1_49' title='bbox 1103 740 1249 789; x_wconf 89' lang='lat' dir='ltr'>legibus</span> 
     </span>
     <span class='ocr_line' id='line_1_9' title="bbox 148 810 1251 860; baseline -0.001 -11"><span class='ocrx_word' id='word_1_50' title='bbox 148 812 390 860; x_wconf 85' lang='lat' dir='ltr'>induxerant,</span> <span class='ocrx_word' id='word_1_51' title='bbox 419 810 590 850; x_wconf 85' lang='lat' dir='ltr'>effectum</span> <span class='ocrx_word' id='word_1_52' title='bbox 624 819 704 858; x_wconf 89' lang='lat' dir='ltr'>est,</span> <span class='ocrx_word' id='word_1_53' title='bbox 740 820 782 849; x_wconf 87' lang='lat' dir='ltr'>ut</span> <span class='ocrx_word' id='word_1_54' title='bbox 806 819 842 849; x_wconf 93' lang='lat' dir='ltr'>et</span> <span class='ocrx_word' id='word_1_55' title='bbox 870 811 968 849; x_wconf 89' lang='lat' dir='ltr'>bona</span> <span class='ocrx_word' id='word_1_56' title='bbox 992 811 1161 849; x_wconf 85' lang='lat' dir='ltr'>ordinum</span> <span class='ocrx_word' id='word_1_57' title='bbox 1193 822 1251 850; x_wconf 87' lang='lat' dir='ltr'>ae-</span> 
     </span>
     <span class='ocr_line' id='line_1_10' title="bbox 152 881 1253 931; baseline -0.002 -11"><span class='ocrx_word' id='word_1_58' title='bbox 152 883 333 930; x_wconf 78' lang='lat' dir='ltr'>qualitas,</span> <span class='ocrx_word' id='word_1_59' title='bbox 366 882 563 931; x_wconf 84' lang='lat' dir='ltr'>prudenter</span> <span class='ocrx_word' id='word_1_60' title='bbox 588 893 609 920; x_wconf 88' lang='lat' dir='ltr'>a</span> <span class='ocrx_word' id='word_1_61' title='bbox 635 881 772 920; x_wconf 92' lang='lat' dir='ltr'>Solone</span> <span class='ocrx_word' id='word_1_62' title='bbox 798 881 995 927; x_wconf 85' lang='lat' dir='ltr'>instituta,</span> <span class='ocrx_word' id='word_1_63' title='bbox 1023 888 1100 919; x_wconf 87' lang='lat' dir='ltr'>tota</span> <span class='ocrx_word' id='word_1_64' title='bbox 1125 891 1253 919; x_wconf 89' lang='lat' dir='ltr'>evane-</span> 
     </span>
     <span class='ocr_line' id='line_1_11' title="bbox 153 949 1250 1000; baseline 0 -12"><span class='ocrx_word' id='word_1_65' title='bbox 153 960 270 989; x_wconf 87' lang='lat' dir='ltr'>sceret</span> <span class='ocrx_word' id='word_1_66' title='bbox 291 961 326 989; x_wconf 92' lang='lat' dir='ltr'>et</span> <span class='ocrx_word' id='word_1_67' title='bbox 350 951 463 1000; x_wconf 88' lang='lat' dir='ltr'>magis</span> <span class='ocrx_word' id='word_1_68' title='bbox 491 951 596 989; x_wconf 87' lang='lat' dir='ltr'>etiam</span> <span class='ocrx_word' id='word_1_69' title='bbox 624 950 662 988; x_wconf 88' lang='lat' dir='ltr'>in</span> <span class='ocrx_word' id='word_1_70' title='bbox 682 950 862 989; x_wconf 85' lang='lat' dir='ltr'>licentiam</span> <span class='ocrx_word' id='word_1_71' title='bbox 887 959 1078 998; x_wconf 85' lang='lat' dir='ltr'>prorueret</span> <span class='ocrx_word' id='word_1_72' title='bbox 1103 949 1250 988; x_wconf 88' lang='lat' dir='ltr'>civitas.</span> 
     </span>
     <span class='ocr_line' id='line_1_12' title="bbox 152 1020 966 1069; baseline 0.002 -12"><span class='ocrx_word' id='word_1_73' title='bbox 152 1020 206 1058; x_wconf 93' lang='lat' dir='ltr'>At</span> <span class='ocrx_word' id='word_1_74' title='bbox 233 1021 320 1057; x_wconf 89' lang='lat' dir='ltr'>haec</span> <span class='ocrx_word' id='word_1_75' title='bbox 342 1021 445 1069; x_wconf 79' lang='lat' dir='ltr'>justo</span> <span class='ocrx_word' id='word_1_76' title='bbox 475 1020 603 1059; x_wconf 86' lang='lat' dir='ltr'><strong>ordine</strong></span> <span class='ocrx_word' id='word_1_77' title='bbox 629 1021 841 1068; x_wconf 87' lang='lat' dir='ltr'>exponenda</span> <span class='ocrx_word' id='word_1_78' title='bbox 864 1030 966 1059; x_wconf 88' lang='lat' dir='ltr'>sunt.</span> 
     </span>
    </p>

    <p class='ocr_par' dir='ltr' id='par_1_3' title="bbox 147 1089 1259 2117">
     <span class='ocr_line' id='line_1_13' title="bbox 197 1089 1251 1137; baseline -0.001 -11"><span class='ocrx_word' id='word_1_79' title='bbox 197 1089 290 1127; x_wconf 86' lang='lat' dir='ltr'>Post</span> <span class='ocrx_word' id='word_1_80' title='bbox 311 1089 404 1127; x_wconf 84' lang='lat' dir='ltr'>bella</span> <span class='ocrx_word' id='word_1_81' title='bbox 425 1090 568 1127; x_wconf 87' lang='lat' dir='ltr'>Persica</span> <span class='ocrx_word' id='word_1_82' title='bbox 595 1089 726 1127; x_wconf 89' lang='lat' dir='ltr'>mirum</span> <span class='ocrx_word' id='word_1_83' title='bbox 749 1097 924 1137; x_wconf 87' lang='lat' dir='ltr'>quantum</span> <span class='ocrx_word' id='word_1_84' title='bbox 954 1089 1145 1136; x_wconf 85' lang='lat' dir='ltr'>splendere</span> <span class='ocrx_word' id='word_1_85' title='bbox 1165 1099 1251 1125; x_wconf 86' lang='lat' dir='ltr'>coe-</span> 
     </span>
     <span class='ocr_line' id='line_1_14' title="bbox 149 1158 1250 1208; baseline -0.001 -11"><span class='ocrx_word' id='word_1_86' title='bbox 149 1158 245 1208; x_wconf 89' lang='lat' dir='ltr'>perit</span> <span class='ocrx_word' id='word_1_87' title='bbox 270 1170 352 1196; x_wconf 91' lang='lat' dir='ltr'>cum</span> <span class='ocrx_word' id='word_1_88' title='bbox 381 1158 558 1197; x_wconf 84' lang='lat' dir='ltr'>Graeciae</span> <span class='ocrx_word' id='word_1_89' title='bbox 581 1159 696 1197; x_wconf 88' lang='lat' dir='ltr'>totius</span> <span class='ocrx_word' id='word_1_90' title='bbox 722 1167 799 1196; x_wconf 86' lang='lat' dir='ltr'>tum</span> <span class='ocrx_word' id='word_1_91' title='bbox 815 1159 1011 1207; x_wconf 86' lang='lat' dir='ltr'>praecipue</span> <span class='ocrx_word' id='word_1_92' title='bbox 1023 1158 1250 1196; x_wconf 84' lang='lat' dir='ltr'>Athenarum</span> 
     </span>
     <span class='ocr_line' id='line_1_15' title="bbox 149 1227 1251 1267; baseline 0 -2"><span class='ocrx_word' id='word_1_93' title='bbox 149 1239 298 1266; x_wconf 89' lang='lat' dir='ltr'>nomen.</span> <span class='ocrx_word' id='word_1_94' title='bbox 343 1229 588 1267; x_wconf 85' lang='lat' dir='ltr'>Athenienses</span> <span class='ocrx_word' id='word_1_95' title='bbox 611 1229 708 1267; x_wconf 88' lang='lat' dir='ltr'>enim</span> <span class='ocrx_word' id='word_1_96' title='bbox 722 1240 803 1266; x_wconf 87' lang='lat' dir='ltr'>eum</span> <span class='ocrx_word' id='word_1_97' title='bbox 820 1228 904 1266; x_wconf 90' lang='lat' dir='ltr'>inde</span> <span class='ocrx_word' id='word_1_98' title='bbox 919 1227 1074 1266; x_wconf 82' lang='lat' dir='ltr'>maxime</span> <span class='ocrx_word' id='word_1_99' title='bbox 1087 1227 1251 1266; x_wconf 89' lang='lat' dir='ltr'>fructum</span> 
     </span>
     <span class='ocr_line' id='line_1_16' title="bbox 147 1299 1253 1348; baseline 0.004 -13"><span class='ocrx_word' id='word_1_100' title='bbox 147 1308 414 1348; x_wconf 83' lang='lat' dir='ltr'>perceperunt,</span> <span class='ocrx_word' id='word_1_101' title='bbox 443 1327 466 1346; x_wconf 89' lang='lat'>„</span> <span class='ocrx_word' id='word_1_102' title='bbox 477 1299 562 1343; x_wconf 71' lang='grc' dir='ltr'>ὥςτε</span> <span class='ocrx_word' id='word_1_103' title='bbox 580 1300 708 1346; x_wconf 74' lang='grc' dir='ltr'>ὀλίγοις</span> <span class='ocrx_word' id='word_1_104' title='bbox 726 1299 856 1348; x_wconf 65' lang='grc' dir='ltr'><strong><em>ἡμέρας</em></strong></span> <span class='ocrx_word' id='word_1_105' title='bbox 873 1299 1093 1348; x_wconf 75' lang='grc' dir='ltr'><em>στερηθέντες</em></span> <span class='ocrx_word' id='word_1_106' title='bbox 1105 1303 1173 1338; x_wconf 77' lang='grc' dir='ltr'>τῶν</span> <span class='ocrx_word' id='word_1_107' title='bbox 1189 1300 1253 1339; x_wconf 81' lang='grc' dir='ltr'><em>οιῦ·</em></span> 
     </span>
     <span class='ocr_line' id='line_1_17' title="bbox 149 1367 1252 1420; baseline -0.004 -11"><span class='ocrx_word' id='word_1_108' title='bbox 149 1373 234 1413; x_wconf 75' lang='grc' dir='ltr'>τῶν,</span> <span class='ocrx_word' id='word_1_109' title='bbox 248 1371 357 1410; x_wconf 78' lang='grc' dir='ltr'><em>πολὺν</em></span> <span class='ocrx_word' id='word_1_110' title='bbox 370 1369 489 1420; x_wconf 77' lang='grc' dir='ltr'><em>χρόνον</em></span> <span class='ocrx_word' id='word_1_111' title='bbox 504 1370 674 1409; x_wconf 68' lang='grc' dir='ltr'><em>δεσπόται</em></span> <span class='ocrx_word' id='word_1_112' title='bbox 689 1373 755 1409; x_wconf 76' lang='grc' dir='ltr'>τῶν</span> <span class='ocrx_word' id='word_1_113' title='bbox 767 1368 888 1409; x_wconf 66' lang='grc' dir='ltr'><em>ἄλλων</em></span> <span class='ocrx_word' id='word_1_114' title='bbox 901 1367 1153 1414; x_wconf 50' lang='grc' dir='ltr'><em>κομι-ἐστήσαθ’</em></span> <span class='ocrx_word' id='word_1_115' title='bbox 1166 1367 1252 1417; x_wconf 84' lang='lat'><em>(2).</em></span> 
     </span>
     <span class='ocr_line' id='line_1_18' title="bbox 150 1437 1253 1487; baseline 0.001 -13"><span class='ocrx_word' id='word_1_116' title='bbox 150 1437 235 1475; x_wconf 90' lang='lat' dir='ltr'>Etsi</span> <span class='ocrx_word' id='word_1_117' title='bbox 258 1446 378 1475; x_wconf 89' lang='lat' dir='ltr'>autem</span> <span class='ocrx_word' id='word_1_118' title='bbox 398 1438 469 1487; x_wconf 85' lang='lat' dir='ltr'>jam</span> <span class='ocrx_word' id='word_1_119' title='bbox 492 1447 596 1475; x_wconf 86' lang='lat' dir='ltr'>antea</span> <span class='ocrx_word' id='word_1_120' title='bbox 618 1449 659 1475; x_wconf 91' lang='lat' dir='ltr'>re</span> <span class='ocrx_word' id='word_1_121' title='bbox 678 1439 823 1476; x_wconf 86' lang='lat' dir='ltr'>nautica</span> <span class='ocrx_word' id='word_1_122' title='bbox 851 1438 1099 1476; x_wconf 88' lang='lat' dir='ltr'>Athenienses</span> <span class='ocrx_word' id='word_1_123' title='bbox 1122 1438 1253 1476; x_wconf 90' lang='lat' dir='ltr'>ceteris</span> 
     </span>
     <span class='ocr_line' id='line_1_19' title="bbox 149 1505 1256 1557; baseline 0.002 -14"><span class='ocrx_word' id='word_1_124' title='bbox 149 1505 301 1544; x_wconf 90' lang='lat' dir='ltr'>Graecis</span> <span class='ocrx_word' id='word_1_125' title='bbox 331 1509 645 1555; x_wconf 85' lang='lat' dir='ltr'>praecelluerant‚</span> <span class='ocrx_word' id='word_1_126' title='bbox 685 1517 774 1556; x_wconf 91' lang='lat' dir='ltr'>post</span> <span class='ocrx_word' id='word_1_127' title='bbox 811 1509 899 1546; x_wconf 88' lang='lat' dir='ltr'>haec</span> <span class='ocrx_word' id='word_1_128' title='bbox 936 1517 1057 1547; x_wconf 86' lang='lat' dir='ltr'>tamen</span> <span class='ocrx_word' id='word_1_129' title='bbox 1091 1518 1256 1557; x_wconf 88' lang='lat' dir='ltr'>tempora</span> 
     </span>
     <span class='ocr_line' id='line_1_20' title="bbox 150 1576 1254 1626; baseline 0.005 -14"><span class='ocrx_word' id='word_1_130' title='bbox 150 1577 267 1613; x_wconf 86' lang='lat' dir='ltr'>multo</span> <span class='ocrx_word' id='word_1_131' title='bbox 298 1576 405 1613; x_wconf 86' lang='lat' dir='ltr'>etiam</span> <span class='ocrx_word' id='word_1_132' title='bbox 446 1577 564 1625; x_wconf 80' lang='lat' dir='ltr'>magis</span> <span class='ocrx_word' id='word_1_133' title='bbox 601 1579 633 1614; x_wconf 92' lang='lat' dir='ltr'>ei</span> <span class='ocrx_word' id='word_1_134' title='bbox 666 1589 813 1626; x_wconf 87' lang='lat' dir='ltr'>operam</span> <span class='ocrx_word' id='word_1_135' title='bbox 844 1579 930 1616; x_wconf 86' lang='lat' dir='ltr'>dare</span> <span class='ocrx_word' id='word_1_136' title='bbox 955 1588 991 1616; x_wconf 90' lang='lat' dir='ltr'>et</span> <span class='ocrx_word' id='word_1_137' title='bbox 1018 1587 1254 1617; x_wconf 87' lang='lat' dir='ltr'>mercaturam</span> 
     </span>
     <span class='ocr_line' id='line_1_21' title="bbox 150 1646 1256 1695; baseline 0.004 -12"><span class='ocrx_word' id='word_1_138' title='bbox 150 1646 328 1694; x_wconf 84' lang='lat' dir='ltr'>imprimis</span> <span class='ocrx_word' id='word_1_139' title='bbox 367 1648 559 1685; x_wconf 85' lang='lat' dir='ltr'>extendere</span> <span class='ocrx_word' id='word_1_140' title='bbox 598 1657 830 1695; x_wconf 86' lang='lat' dir='ltr'>coeperunt,</span> <span class='ocrx_word' id='word_1_141' title='bbox 879 1649 975 1686; x_wconf 86' lang='lat' dir='ltr'>unde</span> <span class='ocrx_word' id='word_1_142' title='bbox 1011 1650 1166 1687; x_wconf 85' lang='lat' dir='ltr'>maxime</span> <span class='ocrx_word' id='word_1_143' title='bbox 1201 1648 1256 1687; x_wconf 86' lang='lat' dir='ltr'>fa-</span> 
     </span>
     <span class='ocr_line' id='line_1_22' title="bbox 150 1718 1257 1767; baseline 0.004 -14"><span class='ocrx_word' id='word_1_144' title='bbox 150 1726 249 1753; x_wconf 87' lang='lat' dir='ltr'>ctum</span> <span class='ocrx_word' id='word_1_145' title='bbox 266 1744 279 1763; x_wconf 90' lang='lat'>,</span> <span class='ocrx_word' id='word_1_146' title='bbox 308 1725 347 1754; x_wconf 81' lang='lat' dir='ltr'>ut</span> <span class='ocrx_word' id='word_1_147' title='bbox 372 1719 435 1763; x_wconf 71' lang='grc' dir='ltr'>τὴν</span> <span class='ocrx_word' id='word_1_148' title='bbox 461 1719 768 1767; x_wconf 47' lang='lat' dir='ltr'>oxma-conponam</span> <span class='ocrx_word' id='word_1_149' title='bbox 801 1718 1091 1766; x_wconf 79' lang='lat' dir='ltr'>impetraverint.</span> <span class='ocrx_word' id='word_1_150' title='bbox 1137 1719 1257 1757; x_wconf 89' lang='lat' dir='ltr'>Docet</span> 
     </span>
     <span class='ocr_line' id='line_1_23' title="bbox 151 1786 1257 1833; baseline 0.003 -11"><span class='ocrx_word' id='word_1_151' title='bbox 151 1795 269 1823; x_wconf 86' lang='lat' dir='ltr'>autem</span> <span class='ocrx_word' id='word_1_152' title='bbox 319 1787 447 1833; x_wconf 76' lang='lat' dir='ltr'>Plato,</span> <span class='ocrx_word' id='word_1_153' title='bbox 492 1786 739 1824; x_wconf 90' lang='lat' dir='ltr'>Athenienses</span> <span class='ocrx_word' id='word_1_154' title='bbox 755 1815 768 1833; x_wconf 84' lang='lat'>‚</span> <span class='ocrx_word' id='word_1_155' title='bbox 813 1786 877 1823; x_wconf 92' lang='lat' dir='ltr'>ubi</span> <span class='ocrx_word' id='word_1_156' title='bbox 919 1786 970 1824; x_wconf 92' lang='lat' dir='ltr'>rei</span> <span class='ocrx_word' id='word_1_157' title='bbox 1007 1787 1173 1825; x_wconf 87' lang='lat' dir='ltr'>nauticae</span> <span class='ocrx_word' id='word_1_158' title='bbox 1206 1788 1257 1826; x_wconf 88' lang='lat' dir='ltr'>ita</span> 
     </span>
     <span class='ocr_line' id='line_1_24' title="bbox 152 1855 1258 1911; baseline 0.002 -20"><span class='ocrx_word' id='word_1_159' title='bbox 152 1855 373 1892; x_wconf 84' lang='lat' dir='ltr'>studuerunt</span> <span class='ocrx_word' id='word_1_160' title='bbox 391 1883 402 1901; x_wconf 83' lang='lat'>‚</span> <span class='ocrx_word' id='word_1_161' title='bbox 430 1864 471 1892; x_wconf 89' lang='lat' dir='ltr'>ut</span> <span class='ocrx_word' id='word_1_162' title='bbox 505 1857 641 1893; x_wconf 86' lang='lat' dir='ltr'>bellum</span> <span class='ocrx_word' id='word_1_163' title='bbox 671 1856 758 1893; x_wconf 85' lang='lat' dir='ltr'>mari</span> <span class='ocrx_word' id='word_1_164' title='bbox 784 1858 909 1903; x_wconf 86' lang='lat' dir='ltr'>potius</span> <span class='ocrx_word' id='word_1_165' title='bbox 940 1868 1046 1911; x_wconf 86' lang='lat' dir='ltr'>quam</span> <span class='ocrx_word' id='word_1_166' title='bbox 1074 1860 1170 1896; x_wconf 72' lang='lat' dir='ltr'>terra</span> <span class='ocrx_word' id='word_1_167' title='bbox 1196 1870 1258 1907; x_wconf 86' lang='lat' dir='ltr'>ge.</span> 
     </span>
     <span class='ocr_line' id='line_1_25' title="bbox 153 1927 1253 1976; baseline 0.007 -15"><span class='ocrx_word' id='word_1_168' title='bbox 153 1934 299 1970; x_wconf 85' lang='lat' dir='ltr'>rerent,</span> <span class='ocrx_word' id='word_1_169' title='bbox 331 1951 354 1970; x_wconf 86' lang='grc'>,.,</span> <span class='ocrx_word' id='word_1_170' title='bbox 366 1927 553 1970; x_wconf 69' lang='grc' dir='ltr'><em>ἐθισθῆναι,</em></span> <span class='ocrx_word' id='word_1_171' title='bbox 578 1928 697 1966; x_wconf 66' lang='grc' dir='ltr'><em>πυκνοὶ</em></span> <span class='ocrx_word' id='word_1_172' title='bbox 729 1928 983 1971; x_wconf 72' lang='grc' dir='ltr'><em>ἀποπηδῶντοος</em></span> <span class='ocrx_word' id='word_1_173' title='bbox 1012 1929 1176 1976; x_wconf 78' lang='grc' dir='ltr'><strong><em>δρομικῶς</em></strong></span> <span class='ocrx_word' id='word_1_174' title='bbox 1204 1932 1253 1973; x_wconf 77' lang='grc' dir='ltr'>εἰς</span> 
     </span>
     <span class='ocr_line' id='line_1_26' title="bbox 156 1997 1257 2046; baseline 0.005 -13"><span class='ocrx_word' id='word_1_175' title='bbox 156 1997 223 2038; x_wconf 66' lang='grc' dir='ltr'>τοὶς</span> <span class='ocrx_word' id='word_1_176' title='bbox 258 1998 363 2038; x_wconf 72' lang='grc' dir='ltr'><em>ναῦς,</em></span> <span class='ocrx_word' id='word_1_177' title='bbox 400 1998 499 2044; x_wconf 69' lang='grc' dir='ltr'>ταχὺ</span> <span class='ocrx_word' id='word_1_178' title='bbox 535 1997 644 2036; x_wconf 69' lang='grc' dir='ltr'><em>πάλιν</em></span> <span class='ocrx_word' id='word_1_179' title='bbox 681 1998 902 2045; x_wconf 64' lang='grc' dir='ltr'><em>ἀποχωρεῖν,</em></span> <span class='ocrx_word' id='word_1_180' title='bbox 929 1997 988 2036; x_wconf 66' lang='grc' dir='ltr'>καὶ</span> <span class='ocrx_word' id='word_1_181' title='bbox 1016 1999 1257 2046; x_wconf 75' lang='grc' dir='ltr'><em>δοκεῖνμηδὲν</em></span> 
     </span>
     <span class='ocr_line' id='line_1_27' title="bbox 158 2067 1259 2117; baseline 0.005 -13"><span class='ocrx_word' id='word_1_182' title='bbox 158 2067 304 2112; x_wconf 73' lang='grc' dir='ltr'><em>αἰσχρὸν</em></span> <span class='ocrx_word' id='word_1_183' title='bbox 336 2072 469 2111; x_wconf 78' lang='grc' dir='ltr'>ποιεῖν,</span> <span class='ocrx_word' id='word_1_184' title='bbox 504 2067 553 2112; x_wconf 64' lang='grc' dir='ltr'>μὴ</span> <span class='ocrx_word' id='word_1_185' title='bbox 582 2070 787 2113; x_wconf 72' lang='grc' dir='ltr'><em>τολμῶντας</em></span> <span class='ocrx_word' id='word_1_186' title='bbox 811 2068 1061 2114; x_wconf 68' lang='grc' dir='ltr'>ἀποθνήσκειν,</span> <span class='ocrx_word' id='word_1_187' title='bbox 1090 2070 1259 2117; x_wconf 70' lang='grc' dir='ltr'><em>μένοντας</em></span> 
     </span>
    </p>
   </div>
   <div class='ocr_carea' id='block_1_3' title="bbox 158 2140 1261 2394">
    <p class='ocr_par' dir='ltr' id='par_1_4' title="bbox 158 2140 1261 2394">
     <span class='ocr_line' id='line_1_28' title="bbox 1185 2140 1261 2178; baseline 0.039 -2"><span class='ocrx_word' id='word_1_188' title='bbox 1185 2140 1261 2178; x_wconf 79' lang='grc' dir='ltr'>ἐπι·</span> 
     </span>
     <span class='ocr_line' id='line_1_29' title="bbox 200 2194 1258 2237; baseline 0.008 -15"><span class='ocrx_word' id='word_1_189' title='bbox 200 2195 247 2234; x_wconf 81' lang='grc' dir='ltr'>(ι)</span> <span class='ocrx_word' id='word_1_190' title='bbox 274 2194 356 2224; x_wconf 78' lang='lat' dir='ltr'>Plat.</span> <span class='ocrx_word' id='word_1_191' title='bbox 380 2196 518 2236; x_wconf 73' lang='lat' dir='ltr'>Protag.</span> <span class='ocrx_word' id='word_1_192' title='bbox 546 2206 579 2233; x_wconf 90' lang='lat' dir='ltr'>p.</span> <span class='ocrx_word' id='word_1_193' title='bbox 601 2196 671 2236; x_wconf 82' lang='lat'>519.</span> <span class='ocrx_word' id='word_1_194' title='bbox 690 2195 732 2226; x_wconf 91' lang='lat' dir='ltr'>D.</span> <span class='ocrx_word' id='word_1_195' title='bbox 794 2197 882 2228; x_wconf 80' lang='lat' dir='ltr'>Hanc</span> <span class='ocrx_word' id='word_1_196' title='bbox 915 2198 1080 2237; x_wconf 82' lang='lat' dir='ltr'>pessimam</span> <span class='ocrx_word' id='word_1_197' title='bbox 1118 2200 1258 2230; x_wconf 84' lang='lat' dir='ltr'>omnium</span> 
     </span>
     <span class='ocr_line' id='line_1_30' title="bbox 159 2246 1259 2290; baseline 0.01 -16"><span class='ocrx_word' id='word_1_198' title='bbox 159 2246 379 2286; x_wconf 73' lang='lat' dir='ltr'>aequalitatem</span> <span class='ocrx_word' id='word_1_199' title='bbox 415 2251 446 2276; x_wconf 73' lang='lat' dir='ltr'>et</span> <span class='ocrx_word' id='word_1_200' title='bbox 475 2247 654 2278; x_wconf 73' lang='lat' dir='ltr'>libertatem</span> <span class='ocrx_word' id='word_1_201' title='bbox 688 2259 725 2278; x_wconf 80' lang='lat' dir='ltr'>ex</span> <span class='ocrx_word' id='word_1_202' title='bbox 757 2250 971 2290; x_wconf 71' lang='lat' dir='ltr'>Aristophane</span> <span class='ocrx_word' id='word_1_203' title='bbox 1008 2252 1178 2286; x_wconf 73' lang='lat' dir='ltr'>delineavit</span> <span class='ocrx_word' id='word_1_204' title='bbox 1207 2250 1259 2285; x_wconf 65' lang='lat' dir='ltr'>C).</span> 
     </span>
     <span class='ocr_line' id='line_1_31' title="bbox 158 2300 844 2344; baseline 0.009 -16"><span class='ocrx_word' id='word_1_205' title='bbox 158 2301 286 2338; x_wconf 69' lang='lat' dir='ltr'>Hvync,</span> <span class='ocrx_word' id='word_1_206' title='bbox 312 2302 431 2340; x_wconf 61' lang='grc' dir='ltr'>Οριιεε.</span> <span class='ocrx_word' id='word_1_207' title='bbox 455 2300 532 2330; x_wconf 73' lang='lat' dir='ltr'>Vol.</span> <span class='ocrx_word' id='word_1_208' title='bbox 551 2300 609 2331; x_wconf 79' lang='lat' dir='ltr'>iV-</span> <span class='ocrx_word' id='word_1_209' title='bbox 633 2313 664 2340; x_wconf 86' lang='lat' dir='ltr'>p.</span> <span class='ocrx_word' id='word_1_210' title='bbox 679 2302 749 2343; x_wconf 81' lang='lat'>392.</span> <span class='ocrx_word' id='word_1_211' title='bbox 773 2314 844 2344; x_wconf 73' lang='lat' dir='ltr'>sqq.</span> 
     </span>
     <span class='ocr_line' id='line_1_32' title="bbox 202 2354 750 2394; baseline 0.011 -13"><span class='ocrx_word' id='word_1_212' title='bbox 202 2356 247 2391; x_wconf 54' lang='lat'>(2⁸1</span> <span class='ocrx_word' id='word_1_213' title='bbox 275 2354 405 2382; x_wconf 43' lang='lat' dir='ltr'>isti-*sah</span> <span class='ocrx_word' id='word_1_214' title='bbox 429 2355 462 2382; x_wconf 69' lang='lat' dir='ltr'>iu</span> <span class='ocrx_word' id='word_1_215' title='bbox 481 2356 617 2386; x_wconf 54' lang='lat' dir='ltr'>Arnkisl.</span> <span class='ocrx_word' id='word_1_216' title='bbox 638 2357 750 2394; x_wconf 76' lang='lat' dir='ltr'>p.124.</span> 
     </span>
    </p>
   </div>
  </div>
 </body>
</html>
