1492 2896
836 243 894 287 42

305 381 388 425 iam
432 378 638 438 superiori
691 390 801 422 anno
849 376 905 421 ab
949 375 1109 421 Ordine
1148 374 1329 421 literario
1370 375 1414 420 in

303 456 535 501 Doctorum
574 468 787 499 numerum
828 467 988 497 summa
1032 466 1126 496 cum
1172 452 1294 496 laude
1338 452 1414 497 fuit

301 539 508 591 receptus.
597 530 674 575 Hic
707 530 814 574 enim
846 528 981 574 Patris
1018 527 1283 581 venerabilis,
1314 528 1409 586 qui,

301 615 397 653 ante
432 607 510 652 hos
544 607 684 666 viginti
713 614 885 666 septem¹
909 619 1063 659 annos,
1101 620 1124 650 e
1153 604 1410 664 Heringae

298 684 444 729 schola
477 684 700 744 prodiens,
756 682 1092 742 Disputationem
1129 681 1409 744 theologicam

298 761 550 820 conscripsit
580 768 620 805 et
649 760 816 820 publice
843 759 1142 818 defendit(1),
1172 758 1282 804 filius
1312 758 1410 817 dig-

297 837 517 892 nissimus,
546 837 702 896 regiam
735 838 842 881 viam
881 837 935 881 ad
970 835 1248 895 theologicam
1276 835 1408 881 disci-

296 914 453 974 plinam
488 914 591 959 iniit.
625 938 675 946 —
709 914 758 958 ln
794 913 1025 959 Heusdii
1055 912 1187 967 enim,
1217 912 1409 958 avunculi

295 992 359 1035 sui
384 991 661 1045 dilectissimi,
692 990 880 1035 scholam
914 990 1098 1045 delatus,
1129 989 1256 1035 animi
1286 989 1408 1035 veluti

293 1067 450 1127 impetu
487 1068 530 1111 in
567 1067 706 1112 literas
743 1067 864 1112 irruit
902 1067 1197 1121 humaniores,
1227 1067 1406 1111 maxime

290 1145 335 1189 in
370 1145 635 1203 antiquorum
671 1146 923 1205 scriptorum
958 1145 1166 1200 studium,
1218 1145 1262 1189 in
1305 1144 1405 1202 qui-

290 1220 368 1265 bus
408 1220 464 1266 ita
505 1221 731 1274 habitavit,
776 1228 856 1274 ut,
912 1221 1163 1266 Heusdio
1205 1235 1401 1275 suasore,

289 1298 497 1341 laudatam
539 1298 593 1341 ab
635 1298 891 1342 nostratibus
932 1313 1063 1356 aeque
1105 1312 1155 1342 ac
1195 1296 1402 1343 extraneis

289 1374 504 1433 scripserit
532 1377 910 1431 Disputationem
937 1375 1194 1420 doctoralem
1227 1379 1283 1419 de
1303 1378 1401 1418 De-

291 1454 602 1495 mosthenaeae
647 1455 927 1509 eloquentiae
973 1454 1254 1496 charactere.
1310 1476 1397 1488 --·

289 1529 434 1586 Neque
469 1528 580 1572 hunc
618 1527 772 1573 dimisit
808 1529 934 1572 animi
968 1529 1188 1583 ardorem,
1231 1529 1304 1574 ubi
1341 1529 1395 1574 ad

287 1603 542 1663 Theologiae
567 1605 830 1665 disciplinam
851 1607 1037 1650 accessit.
1075 1631 1143 1638 ψ-ν
1181 1606 1394 1664 Quantum

285 1696 385 1726 vero
417 1683 461 1726 in
500 1683 674 1740 legendo
714 1683 1038 1740 meditandoque
1085 1683 1240 1728 Codice
1275 1682 1322 1729 S.
1354 1691 1394 1728 et

285 1759 478 1803 doctrina
519 1759 754 1803 Christiana
784 1759 955 1803 interius
994 1759 1265 1818 percipienda
1306 1776 1394 1820 po-

284 1836 410 1880 suerit
445 1836 658 1888 laborem,
717 1836 978 1880 manifestum
1018 1837 1114 1881 fecit
1154 1837 1391 1897 conscripta

282 1916 337 1956 de
375 1915 471 1956 Dei
511 1930 626 1970 erga
671 1916 894 1958 hominem
943 1931 1122 1968 amore,
1171 1918 1388 1973 principe

279 1991 535 2046 Religionis
570 1992 859 2034 Christianae
893 1994 1013 2043 loco,
1063 1991 1385 2047 Dissertatione,

320 2148 369 2188 (1)
393 2149 451 2179 W.
464 2149 540 2181 Sch
549 2153 588 2181 ol
601 2157 636 2182 te
645 2163 663 2182 n
675 2175 683 2190 ,
721 2156 871 2194 specimen
892 2156 982 2185 herm.
1005 2156 1199 2195 theologicum
1227 2160 1260 2188 (le
1279 2160 1384 2198 affel-

276 2208 385 2237 latione
408 2209 469 2240 τοῦ
494 2209 564 2242 υἱοῦ
590 2212 652 2243 τοῦ
677 2210 857 2251 ἄνθρωπον,
883 2225 946 2252 qua
979 2215 1069 2244 Iesus
1086 2225 1114 2245 se
1135 2217 1276 2247 Messium
1303 2228 1383 2257 pro-

273 2263 373 2300 fessus
395 2265 436 2291 cst
451 2284 459 2298 ‚
503 2264 644 2294 Pracsidc
666 2265 707 2296 V.
722 2265 759 2296 C.
784 2266 942 2297 lodoeo
964 2268 1141 2309 Heringa
1163 2269 1200 2299 E.
1212 2271 1234 2300 f,
1262 2272 1382 2310 publico

276 2318 406 2346 emmim
428 2318 604 2349 submissum
617 2342 626 2356 ,
651 2320 681 2350 d.
698 2322 733 2351 14
748 2320 826 2351 Iunii
841 2323 930 2353 1809.
952 2341 991 2348 -—
1013 2324 1098 2354 Trai.
1110 2325 1146 2354 ad
1156 2324 1214 2355 Rh.
1240 2326 1329 2357 1809.
