1492 2896
307 272 354 311 50
700 260 1018 312 DrsotnslTlo

308 382 398 419 nes,
423 370 634 409 servitutem
664 370 841 408 Graeciae
865 380 1144 420 proponentes;
1179 370 1310 410 deinde
1338 371 1409 410 ob-

309 445 401 478 viam
439 441 523 478 illos
556 441 625 478 tibi
658 441 776 478 ituros
807 441 863 477 aio
899 441 935 478 in
970 452 1156 489 pugnam,
1193 441 1280 480 licet
1303 442 1415 480 ceteri

311 511 444 549 Graeci
482 523 610 549 omnes
652 519 771 548 tecum
809 512 1000 548 sentirent.
1068 513 1180 559 Quod
1217 522 1337 550 autem
1373 512 1419 549 ad

310 590 503 618 numerum
531 580 690 625 attinet,
718 579 794 617 noli
822 590 995 626 quaerere
1020 589 1114 626 quot
1139 582 1419 627 sintnumem,

311 648 377 696 qui
401 650 472 687 hoc
494 648 627 687 facturi
648 649 743 687 sint:
772 659 855 687 nam
883 649 962 688 sive
991 649 1088 686 mille
1108 647 1270 695 fuerint,
1296 650 1361 698 qui
1383 650 1421 687 in

310 718 422 756 aciem
461 720 666 766 prodeant,
705 719 743 756 hi
781 728 901 757 tecum
951 719 1200 767 pugnabunt,
1245 719 1324 758 sive
1366 719 1423 757 his

311 789 504 837 pauciores
522 819 535 837 ‚
564 788 644 827 sive
671 789 777 827 etiam
807 790 978 837 plures.''

361 858 476 896 Hisce
500 858 634 898 auditis
661 860 800 897 Xerxes
828 859 891 897 vix
917 859 1023 896 fidem
1053 858 1226 898 habebat.
1275 858 1423 909 Quodsi

310 927 372 965 ille
409 940 491 965 vera
528 930 678 967 locutus
715 937 841 975 esset,
876 939 1049 978 oportere
1079 928 1307 977 affirmabat,
1343 930 1425 977 ipse

312 1000 562 1048 Demaratus,
610 1001 751 1049 quippe
790 1001 856 1048 qui
902 1001 988 1037 olim
1036 1000 1300 1047 Spartanorum
1341 1000 1425 1037 Rex

310 1067 471 1117 fuisset,
492 1082 576 1108 cum
599 1071 714 1118 duplo
741 1082 895 1108 numero
919 1071 1218 1118 congrederetur.
1261 1068 1309 1107 Se
1332 1080 1422 1107 vero

309 1149 441 1187 putare
475 1139 642 1178 Graecos
680 1151 787 1187 aegre
831 1140 985 1186 Persis,
1031 1139 1118 1176 licet
1162 1150 1314 1176 numero
1358 1150 1423 1187 pa-

309 1210 395 1255 res,
433 1209 603 1247 resistere
643 1220 770 1257 posse.
839 1210 933 1247 Esse
980 1210 1075 1246 enim
1119 1209 1157 1246 in
1201 1207 1424 1246 satellitibus

310 1278 446 1326 regiis,
478 1279 541 1326 qui
568 1291 651 1316 cuin
681 1279 800 1316 tribus
832 1280 943 1317 simul
965 1279 1118 1318 Graecis
1145 1289 1305 1327 pugnam
1331 1277 1424 1316 inire

309 1350 409 1386 haud
435 1349 694 1387 detrectarent.
754 1349 854 1387 Tum
898 1360 986 1387 vero
1023 1349 1075 1387 sic
1111 1360 1263 1398 pergere
1297 1347 1424 1396 coepit

310 1419 553 1457 Demaratus:
600 1419 727 1466 „Inde
760 1419 804 1455 ab
841 1418 972 1465 initio,
1013 1419 1122 1465 Rex,
1153 1430 1324 1457 noveram
1367 1429 1426 1456 me

310 1499 396 1526 vera
423 1489 602 1527 dicentem
631 1499 729 1537 grata
754 1489 821 1526 tibi
845 1500 920 1526 non
943 1488 1131 1537 dicturum
1159 1499 1255 1527 esse.
1294 1488 1422 1539 Quum

311 1569 399 1596 vero
435 1571 493 1596 me
527 1559 716 1596 verissima
747 1560 873 1606 eloqui
910 1559 1103 1606 coegeris,
1141 1559 1217 1596 dixi
1253 1569 1347 1605 quae
1378 1557 1423 1594 ad

312 1629 512 1676 Spartanos
548 1629 799 1676 pertinerent²
831 1639 1051 1676 quamquam
1086 1627 1226 1674 optime
1251 1627 1331 1675 ipse
1355 1637 1422 1664 no-

311 1699 422 1746 visti,
469 1712 547 1748 quo
595 1701 705 1737 modo
752 1711 820 1748 ego
868 1710 968 1736 nunc
1009 1698 1165 1736 maxime
1209 1709 1292 1745 erga
1338 1697 1422 1735 illos

310 1768 467 1808 affectus
494 1770 587 1816 sim,
616 1770 681 1817 qui
714 1782 798 1816 me,
836 1769 1047 1807 honoribus
1083 1777 1120 1806 et
1150 1768 1312 1816 paternis
1345 1780 1425 1805 mu·

310 1840 462 1878 neribus
487 1840 711 1888 spoliatum,
744 1841 857 1877 domo
894 1848 1005 1886 atque
1038 1837 1422 1887 patria'expulerunt.

313 1911 415 1947 Pater
447 1919 566 1948 autern
609 1919 696 1947 tuus
739 1922 796 1948 me
827 1910 986 1958 benigne
1023 1917 1220 1957 exceptum
1253 1910 1356 1947 victu
1387 1918 1424 1946 et

311 1980 501 2018 domicilio
525 1981 692 2019 donavit.
748 1980 934 2030 Quocirca
966 1979 1141 2017 credibile
1170 1989 1247 2016 non
1277 1987 1332 2016 est
1359 1980 1427 2016 ho·

312 2051 445 2088 minem
496 2061 603 2089 sanae
651 2051 785 2088 mentis
833 2062 1007 2098 respuere
1051 2051 1274 2097 exploratam
1313 2048 1424 2086 bene·

314 2121 539 2167 volentiam,
589 2122 653 2159 sed
698 2121 825 2169 potius
872 2132 983 2169 qnam
1022 2120 1179 2157 maxime
1216 2129 1293 2155 eam
1325 2129 1427 2155 com-

313 2192 440 2239 plecti.
493 2193 577 2240 Ego
609 2199 729 2229 autem
755 2202 875 2239 neque
905 2202 991 2228 cum
1026 2190 1151 2227 decem
1186 2187 1299 2225 simul
1334 2187 1424 2226 viris

309 2273 371 2298 me
401 2261 573 2299 dimicare
606 2273 718 2311 posse
755 2262 925 2308 praedico
961 2271 1083 2307 neque
1123 2270 1208 2296 cum
1244 2258 1421 2306 duobus3

312 2331 443 2368 lubens
490 2340 610 2371 autem
659 2342 704 2368 nse
752 2342 836 2368 cnm
883 2342 956 2368 uno
1007 2329 1155 2376 quidem
1193 2327 1423 2376 congrediar.

1295 2397 1426 2447 Quod-
