1492 2896
495 225 882 310 omno.
1186 265 1244 312 33

114 389 259 448 pulos.
321 390 394 436 Sic
427 401 473 437 et
505 393 652 440 schola
691 404 838 443 nostra
872 398 1156 458 Theologica‚
1197 404 1243 443 et

122 471 361 521 Christiana
398 478 603 534 societas,
635 488 681 523 et
720 480 860 540 patria
895 481 1070 529 habebit
1085 514 1098 538 ,
1127 483 1243 541 quod

118 556 324 614 gaudeat,
357 559 561 620 vobisque
582 563 739 621 gratias
760 565 930 610 referat.
990 566 1078 612 Sed
1106 582 1242 625 quaea—

116 653 170 685 ro
204 640 249 685 in
284 649 427 688 vestro
462 644 611 691 ordine
654 645 716 691 Cl.
758 647 823 693 de
853 647 892 693 F
902 664 1119 711 remer)r
1151 666 1245 712 pa·-

115 730 250 779 trem,
280 725 346 771 cui
373 732 536 774 tantum
568 728 729 784 debeo,
760 738 962 789 quantum
995 734 1062 779 vix
1098 734 1242 779 verbis

113 821 288 868 possum
317 810 547 858 enuntiare.
608 813 810 860 Profecto
837 829 963 860 nemo
994 831 1062 862 me
1094 817 1241 864 melius

113 890 198 938 vim
228 893 495 953 persentiscit
528 895 636 941 illius
671 897 885 943 Homeri
923 900 1047 945 dicti:
1108 903 1237 960 inv-pbs-

111 979 195 1035 ssep
237 977 330 1036 ἀνὴρ
370 983 529 1028 πολλῶν
571 982 765 1037 ἀντάξιος
806 984 958 1031 ἄλλων.
1047 986 1239 1040 Etenim,

113 1072 206 1105 cum
248 1069 290 1106 te
333 1062 500 1109 intueor
517 1093 530 1118 ,
600 1065 862 1111 tristissimus
904 1066 972 1112 ille
1019 1082 1086 1112 me
1128 1069 1242 1114 subit

112 1143 229 1202 dies,
278 1161 407 1204 quem
449 1161 546 1194 cum
587 1157 762 1210 repeto,
812 1151 971 1196 labitur
1009 1166 1062 1201 ex*
1108 1153 1241 1199 oculis

109 1241 222 1274 nunc
257 1244 426 1289 quoque
457 1239 577 1290 gutta
614 1233 734 1280 meis.
796 1226 1128 1282 Valedicendum'
1154 1238 1240 1282 mi·-

108 1311 156 1357 hi
189 1313 410 1361 videbatur
452 1316 601 1363 studiis
635 1318 907 1380 Theologicis
945 1328 1125 1381 propter
1165 1323 1238 1366 in-

107 1395 275 1442 firmam
307 1399 610 1458 valetudinem3
670 1402 747 1448 sed
786 1410 832 1448 tu
871 1418 940 1450 me
976 1404 1234 1460 sustinuisti,

106 1486 153 1525 tu
188 1481 354 1528 animos
394 1483 616 1541 addidisti,
655 1493 702 1531 tu
730 1487 933 1547 singulari
966 1502 1095 1543 cura,
1125 1504 1234 1549 per-

105 1563 220 1609 fecto
259 1564 431 1613 Medico
476 1567 630 1628 digna,
686 1569 789 1616 mihi
835 1573 1106 1628 consuluisti,
1163 1581 1232 1627 tu,

107 1647 277 1707 auspice
312 1648 408 1696 Deo
423 1682 436 1705 ,
485 1665 553 1697 me
581 1652 794 1701 Ecciesiae
808 1687 821 1710 ,
865 1663 910 1701 tu
939 1656 1038 1702 huic
1068 1657 1237 1703 Cathe-

100 1725 210 1777 *drae
245 1734 433 1781 servasti.
493 1736 667 1797 Arripio
699 1738 827 1798 igitur
858 1756 992 1798 quam.
1022 1742 1236 1787 lubentis-

106 1813 209 1860 sime
255 1816 367 1862 hanc
412 1820 708 1877 occasionem,
767 1824 1049 1883 gratissimum
1093 1841 1233 1872 mcum

107 1911 207 1957 erga
249 1907 292 1946 te
329 1901 514 1948 animum
564 1904 832 1962 declarandi,
872 1908 1095 1966 Deumque
1128 1925 1234 1969 pre-

106 1994 205 2037 cor,
246 1991 295 2029 ut
329 1999 417 2031 non
456 1993 621 2033 tantum
655 1989 701 2034 in
733 2006 893 2048 meum,
933 2005 1229 2052 meorumque,

107 2065 183 2110 sed
224 2067 347 2114 etiam
387 2070 434 2115 in
467 2072 724 2120 Academiae
757 2083 927 2121 nostrae
963 2090 1013 2121 ac
1050 2077 1229 2123 civitatis

105 2152 402 2209 commodum,
436 2154 525 2201 >diu
561 2164 603 2203 te
636 2166 771 2204 servet
806 2159 1072 2206 incolumem.
1164 2162 1228 2207 Te

109 2240 270 2292 autem,
327 2237 389 2284 (11.
422 2238 652 2287 Heusdi!
698 2243 868 2299 nescio,
913 2253 1050 2290 utrum
1092 2246 1225 2304 magis

1037 2333 1062 2372 3
