1492 2896
513 304 903 356 ORATIO.
1243 318 1270 363 5

136 433 192 477 ab
230 434 361 480 altera
398 437 564 493 quidem
598 449 718 497 parte
749 443 978 504 Theologis
1007 447 1189 504 jucunda
1225 459 1266 496 et

135 515 300 573 felicia,
336 519 391 564 ab
426 522 556 566 altera
582 538 682 568 vero
709 525 950 574 difficillima
982 538 1023 576 et
1051 534 1260 580 sollicitu-

135 599 231 645 dine
249 602 400 661 plena.
461 605 540 650 Est
575 608 683 651 enim
715 625 889 670 magna,
923 622 967 659 ut
997 616 1040 659 in
1071 617 1162 662 aliis
1188 634 1261 664 re-

114 683 370 742 gionibus,
392 687 449 732 ita
488 697 528 734 et
567 691 610 734 in
646 700 791 737 nostra
822 698 986 754 patria,
1023 700 1076 745 de
1105 703 1255 758 rebus,

132 768 188 812 ad
214 770 456 831 religionem
492 777 804 833 spectantibus,
841 782 1087 841 opinionum
1113 789 1255 833 varie-

129 858 222 907 tas,
257 855 495 913 multique,
553 862 669 916 quod
713 864 831 908 valde
873 867 1169 927 deploramus,
1207 873 1250 917 in

128 944 314 983 extrema
346 949 497 996 ruunt,
530 943 672 999 obliti,
709 954 754 991 ut
777 948 968 1006 videtur,
1003 954 1145 999 medio
1180 963 1253 1000 tu-

127 1021 445 1079 tissimum‘iri,
475 1028 742 1087 mediumque
775 1040 961 1080 tenentes
997 1037 1144 1083 beatos
1180 1027 1251 1085 es4·

128 1121 200 1161 se,
234 1108 434 1165 quoniam
463 1111 616 1156 veritas
652 1115 899 1175 plerumque
931 1119 974 1163 in
1000 1122 1139 1166 medio
1171 1123 1251 1169 sita

126 1197 201 1236 est.
260 1192 340 1247 Et,
379 1194 494 1251 quod
521 1210 608 1240 non
637 1199 781 1244 ultimo
807 1202 903 1247 loco
927 1207 1247 1253 memorandum

123 1273 306 1331 videtur,
348 1278 650 1340 Philosophiae
682 1285 845 1340 studia,
877 1289 1032 1333 nostris
1067 1292 1247 1337 maxime

122 1361 415 1420 temporibus,
457 1371 544 1409 tam
581 1374 696 1411 arcte
734 1383 829 1413 cum
866 1371 1100 1432 Theologia
1138 1389 1246 1419 con-

121 1443 263 1500 juncta
290 1453 414 1501 sunt,
444 1455 516 1503 ut,
555 1450 626 1507 qui
652 1452 762 1496 hanc
791 1454 1064 1512 profiteatur,
1099 1466 1139 1503 et
1162 1459 1242 1504 illis

121 1528 306 1575 imbutus
337 1546 425 1576 esse
454 1533 619 1580 debeat.
666 1536 875 1583 Fecerunt
905 1540 985 1585 hae
1017 1541 1244 1601 difficulta-

120 1621 209 1668 tes,
239 1616 291 1661 A.
315 1617 395 1662 A.!
436 1625 480 1662 ut
519 1619 673 1664 dubius
711 1622 968 1680 aliquamdiu
999 1627 1206 1672 haeserim
1223 1661 1237 1682 ,

120 1703 257 1742 utrum
288 1700 473 1744 oblatum
505 1702 707 1749 honorem
744 1707 1002 1766 acciperem,
1033 1726 1102 1758 ,an
1134 1726 1235 1756 vero

121 1781 296 1827 honeste
325 1774 590 1841 recusarem,
633 1791 907 1847 praesertim,
954 1807 1048 1837 cum
1088 1796 1238 1853 perju-

123 1866 260 1910 cunda
306 1867 408 1910 mihi
450 1869 575 1913 statio
622 1872 865 1929 obtigisset,
907 1875 1237 1935 arctissimisque

104 1964 187 1993 ‚me
222 1964 317 1994 meo
352 1952 486 1995 coetui
514 1953 687 1999 vinculis
720 1957 989 2013 conjunctum
1014 1954 1232 2008 sentirem.

117 2033 196 2078 Ast
225 2047 325 2078 vero
356 2034 642 2091 gravissimum
673 2053 822 2082 munus
853 2042 1042 2100 suscepi,
1075 2051 1113 2087 et
1140 2059 1231 2088 sum

117 2118 200 2176 jam
236 2125 409 2177 paratus
447 2120 502 2163 ad
536 2121 639 2164 illud
671 2123 987 2182 auspicandum.
1064 2127 1230 2172 Etenim

119 2201 255 2247 divina
282 2203 384 2247 mihi
406 2203 506 2248 illud
525 2204 754 2265 imponitur
775 2209 1054 2255 Providentia.
1097 2213 1232 2256 Prae-

118 2290 228 2330 terea
251 2287 381 2331 movit
411 2303 478 2332 me
510 2302 604 2333 cum
632 2290 906 2349 pristinorum
933 2294 1199 2352 Collegarum
1217 2327 1230 2349 ,

119 2384 222 2427 quos
251 2387 416 2432 semper
446 2388 587 2418 amore
614 2389 874 2433 prosequar,
905 2383 993 2421 tum
1025 2378 1228 2433 aliorum,
