1492 2896
269 229 654 276 PHILOSOPHICO
667 255 684 263 -
699 230 1004 273 HISTORICA.
1124 246 1187 272 121

97 346 201 388 Plebi
238 339 367 391 licuit,
408 354 612 390 omnesque
652 343 728 380 fere
767 344 922 392 majores
961 343 1192 390 magistratus

97 427 178 455 cum
206 414 286 463 ipsa
310 412 570 452 communicati
598 421 699 449 sunt.

108 479 281 534 ³⁵Verum
309 483 403 521 enim
435 494 548 530 vero,
583 493 801 529 quamquam
834 489 922 528 post
951 491 1098 519 exactos
1123 482 1199 520 Re-

99 566 161 605 ges
183 554 318 592 civium
351 553 550 601 aequalitas
579 551 731 589 maxime
760 560 863 588 aucta
897 551 1036 596 fuerat,
1059 552 1201 589 deside-

98 626 270 663 rabantur
301 632 419 661 tamen
453 634 514 661 eae
544 624 665 670 leges,
698 632 792 669 quae
819 622 864 658 ad
888 633 1109 658 communem
1135 633 1202 669 po-

99 695 178 743 p'uli
207 695 408 732 libertatem
437 693 607 730 tuendam
636 700 760 729 essent
793 691 958 728 idoneae.
1014 689 1203 728 Consules

98 764 194 803 enim
217 764 340 802 eadem
362 774 434 810 qua
457 762 577 810 Reges
597 760 739 798 ratione
760 761 821 809 jus
846 759 1089 805 dirimebant,
1116 771 1207 807 qua-

101 845 257 881 rumque
275 834 396 881 legum
425 832 598 870 memoria
620 842 696 869 non
719 832 954 878 exoleverat,
977 843 1036 868 eas
1059 830 1206 868 Patricii

99 903 327 952 conscriptas
352 911 388 940 et
411 913 432 939 a
455 901 645 939 communi
669 910 826 939 remotas
850 901 984 938 notitia
1007 900 1045 938 in
1067 911 1206 948 corpus

101 974 343 1022 redegerant,
374 972 526 1009 omnino
555 971 628 1009 sibi
655 971 749 1020 juris
776 971 1112 1019 interpretationem
1137 973 1209 1008 cal-

99 1044 175 1083 lide
197 1051 482 1081 reservaverant.
531 1042 697 1080 Surrexit
727 1042 858 1079 deinde
885 1040 1114 1079 Terentilius
1140 1040 1210 1076 Ar-

102 1125 168 1160 sa,
205 1112 400 1151 Tribunus
438 1110 585 1157 Plebis,
628 1112 865 1149 vehementer
901 1111 961 1148 ille
997 1110 1207 1149 Consulum

101 1182 287 1221 libidinem
313 1193 353 1219 ac
377 1181 559 1220 licentiam
588 1181 787 1218 criminans
811 1190 928 1228 utque
957 1180 1210 1230 Quinqueviri

101 1253 245 1303 legibus
273 1252 478 1290 scribendis
511 1261 721 1289 crearentur
751 1253 945 1299 postulans
970 1250 1054 1299 (ι).
1110 1249 1209 1288 Tan·

102 1324 183 1361 dem
211 1331 300 1371 post
333 1323 465 1359 multas
493 1320 747 1358 altercationes
772 1321 834 1358 lex
860 1322 997 1368 perlata
1021 1329 1078 1359 est
1100 1331 1136 1358 et
1159 1322 1211 1358 le-

103 1405 166 1442 ges
193 1393 262 1431 XII
287 1392 519 1438 tabularum,
553 1390 597 1427 de
625 1402 778 1440 quarum
804 1400 932 1428 natura
964 1403 1075 1440 supra
1101 1401 1214 1439 expo-

103 1462 189 1508 sui,
215 1475 235 1500 a
262 1461 489 1501 Decemviris
516 1470 736 1509 acceperunt
770 1461 956 1509 Romani,
994 1472 1059 1498 nec
1091 1470 1212 1499 tamen

102 1534 234 1584 prius,
285 1544 391 1580 quam
441 1532 532 1579 ipse,
568 1531 847 1570 Decemviratus
896 1532 934 1569 in
982 1530 1211 1580 tyrannidem

103 1604 252 1642 abierat.
306 1601 470 1640 Sublatis
499 1601 593 1639 enim
631 1602 760 1638 ceteris
790 1602 965 1640 omnibus
998 1601 1215 1650 magistrati-

106 1674 204 1719 bus,
228 1683 275 1710 ne
300 1671 480 1709 Tribunis
508 1671 656 1718 quidem
681 1670 802 1708 Plebis
827 1671 1015 1719 exceptis,
1037 1672 1116 1707 sine
1141 1672 1214 1709 ulla

101 1742 147 1779 ad
176 1742 355 1790 populum
387 1747 516 1778 contra
549 1750 672 1777 necem
710 1748 745 1776 et
770 1741 920 1776 verbera
945 1740 1209 1787 provocatione

96 1811 364 1860 'rempublicam
387 1810 688 1848 administratum
701 1837 712 1854 ,
742 1807 1024 1857 effecerantque,
1044 1818 1082 1846 ut
1095 1838 1107 1855 ‚
1127 1822 1209 1847 cam

105 1882 284 1924 vindicias
316 1881 494 1917 amisisset
527 1882 606 1930 ipsa
645 1880 823 1925 libertas,
856 1879 985 1930 populi
1017 1880 1122 1917 nulla
1154 1892 1212 1918 res

105 1960 193 1990 esset
215 1952 298 1998 (2).
361 1948 489 1986 Rebus
520 1958 639 1986 tamen
677 1949 778 1987 brevi
814 1949 1024 1995 restitutis,
1060 1951 1210 1999 perlatis

104 2020 275 2070 legibus,
297 2018 452 2056 stabiliri
477 2017 514 2054 in
538 2025 727 2065 posterum
748 2027 881 2065 coepta
908 2027 963 2055 est
990 2018 1123 2067 populi
1152 2031 1210 2057 ae-

103 2091 284 2141 qualita53
308 2100 389 2126 nam
417 2088 464 2127 L.
487 2088 657 2127 Valerius
683 2097 718 2126 et
745 2088 806 2126 M.
828 2088 1008 2127 Horatius
1023 2116 1037 2136 ,
1059 2090 1210 2129 Consu-

102 2164 156 2203 les
191 2172 256 2210 per
289 2159 508 2207 Interregem
535 2158 674 2204 creati,
699 2171 735 2204 ·„
748 2158 878 2196 deinde
903 2161 1134 2198 consularem
1156 2162 1206 2199 le·

1126 2242 1207 2279 gem

94 2308 99 2312 ·
148 2293 195 2334 (1.)
219 2291 293 2322 Liv.
315 2292 407 2320 Hist.
428 2290 504 2319 Lib.
529 2290 595 2320 llI.
617 2301 644 2320 c.
667 2301 697 2330 9.

149 2347 196 2387 (²)
220 2345 289 2376 Cic.
310 2346 347 2374 de
368 2346 451 2384 Rep.
473 2344 549 2373 Lib.
577 2343 623 2374 Η.
645 2354 674 2373 cs
695 2343 952 2385 37.;'Lib.'111.
971 2355 1007 2375 c..
1021 2357 1070 2378 ²2·
