1492 2896
311 244 359 283 34
706 231 1029 282 mstslTlo

312 343 357 381 ab
393 353 434 380 ea
469 341 669 379 ducendam
708 353 788 379 esse
824 341 972 379 vivendi
1005 340 1210 379 doctrinam
1237 340 1333 392 (1);
1363 341 1428 378 sed

311 419 413 460 patet
439 410 523 447 inde
549 410 686 456 simul,
724 411 850 456 quales
877 419 1020 447 veteres
1050 411 1294 459 cogitaverint
1317 410 1428 448 bonas

311 481 427 528 leges.
482 480 572 518 Non
599 491 685 518 sane
701 481 806 529 jussa
833 480 1043 528 principum
1068 481 1167 529 leges
1192 481 1430 529 appellabant

311 561 436 598 neque
460 549 545 587 item
571 550 766 596 instituta,
793 562 1013 597 quamquam
1038 551 1124 588 haec
1154 562 1307 598 quoque
1330 551 1431 599 leges

313 621 472 660 subinde
496 620 684 658 dicuntur.
736 620 846 670 Jussa
874 620 970 657 enim
996 631 1036 657 ac
1068 619 1181 657 vetita'
1204 621 1432 668 populorum

312 691 388 729 vim
416 701 493 727 non
522 690 658 728 habere
686 690 732 728 ad
764 699 861 728 recte
884 690 981 728 facta
1008 689 1168 728 vocandi
1193 699 1229 728 et
1257 702 1276 728 a
1306 701 1435 740 pecca-

313 760 362 797 tis
395 761 573 797 avocandi
608 759 882 799 arbitrabantur
918 760 1000 808 (2).
1078 761 1131 799 Et
1165 757 1379 809 profecto‚'
1401 761 1436 798 si

275 849 278 854 ·
315 823 458 865 res‘ita
488 840 570 866 sese
599 829 777 876 haberet,
810 829 841 866 si
865 840 991 877 regum
1026 816 1336 877 populo'rumque
1352 829 1437 879 jus-

314 908 354 934 sa
391 897 463 935 vim
503 899 593 946 legis
634 898 770 936 habere
804 899 966 946 putanda
1012 908 1185 945 essent,.
1215 910 1294 937 non
1337 898 1437 938 foret

315 969 456 1017 integra
490 969 613 1017 legum
653 968 834 1007 conditio.
909 969 970 1007 Fit
1003 970 1100 1006 enim
1137 969 1320 1007 interdum
1340 997 1354 1015 ‚
1379 977 1436 1007 ⁴ut

310 1040 414 1088 jussa
451 1040 520 1077 ista
556 1039 631 1076 sint
672 1039 836 1088 injusta,
872 1051 985 1085 quum
1021 1040 1128 1087 plane
1161 1039 1206 1076 ab
1241 1038 1434 1076 hominum

316 1109 547 1156 quorundam
584 1109 738 1145 arbitrio
775 1109 970 1155 pendeant.
1035 1109 1221 1158 Injustitia
1249 1118 1371 1146 autem
1395 1111 1435 1145 in

313 1178 428 1224 legem
451 1178 578 1215 cadere
603 1179 709 1215 nullo
736 1188 847 1226 pacto
875 1187 1015 1227 potest.
1070 1206 1103 1224 „
1126 1181 1218 1225 Δίκη
1245 1182 1312 1226 μὲν
1334 1179 1437 1224 oz'hu’⁹

314 1247 484 1285 dicebant
504 1248 677 1295 antiqui,
714 1275 745 1294 ‚‚
765 1249 867 1296 νόμου
895 1250 996 1293 τέλος
1023 1251 1135 1289 ἐστίν·
1161 1249 1264 1298 νόμος
1289 1251 1349 1294 δὲ,
1374 1248 1438 1298 ἄρ-

315 1333 442 1367 χοντος
470 1320 584 1366 ἔργον·
624 1319 744 1368 ἄρχων
777 1320 836 1364 δὲ,
869 1321 966 1359 εἰκὼν
1010 1321 1083 1358 θεοῦ
1119 1323 1180 1359 τοῦ
1215 1319 1339 1360 πάντα
1379 1334 1439 1358 κο·

315 1391 507 1436 σμοῦντος”
529 1388 613 1436 (3).
650 1387 760 1425 Valet
784 1388 876 1425 idem
902 1389 948 1425 de
971 1387 1169 1427 institutis.
1211 1389 1308 1427 Sunt
1320 1378 1435 1427 multa

314 1468 472 1505 prorsus
505 1458 671 1506 injusta,
705 1467 841 1506 sponte
874 1467 910 1495 et
937 1470 1026 1495 casu
1055 1458 1205 1496 inducta
1234 1460 1292 1497 vel
1317 1458 1437 1496 homi·

313 1537 401 1564 num
429 1527 535 1564 etiam
557 1528 824 1575 perversitate,
853 1537 1091 1575 possuntque
1120 1529 1207 1575 illa,
1234 1530 1322 1567 dum
1347 1528 1436 1566 huic

315 1597 416 1645 genti
445 1607 632 1645 prosunt,
665 1599 767 1635 alteri
809 1607 955 1644 recepta
986 1598 1132 1646 insigne
1165 1598 1294 1636 afferre
1323 1599 1436 1636 detri-

315 1675 490 1705 mentum.
548 1669 648 1714 Apte
672 1667 708 1704 id
733 1667 908 1714 exposuit
934 1668 1093 1706 Cicero:
1139 1696 1168 1714 „
1186 1669 1266 1718 Jam
1293 1667 1429 1714 ver0‚”

315 1737 462 1784 inquit,
491 1766 523 1783 ‚‚
541 1737 634 1774 iilud
658 1737 944 1783 stultissimum,
969 1738 1176 1775 existimare
1197 1737 1436 1787 omniajusta

294 1818 424 1854 esse,
466 1819 559 1855 quae
593 1808 683 1844 scita
722 1808 797 1845 sint
835 1807 872 1844 in
908 1810 1133 1855 populorum
1163 1807 1348 1845 institutis
1371 1816 1436 1844 aut

313 1877 473 1924 legibus.
532 1878 724 1922 Etiamne,
759 1877 789 1914 si
815 1889 909 1925 quae
934 1879 1031 1926 leges
1064 1877 1140 1915 sint
1166 1877 1434 1925 tyrannorum?

315 1946 353 1983 Si
387 1946 536 1992 triginta
571 1948 620 1984 ilii
655 1947 815 1985 Athenis
848 1948 947 1995 leges
973 1948 1165 1995 imponere
1189 1946 1432 1984 voluissent?

312 2025 406 2062 aut,
439 2017 470 2053 si
495 2028 624 2054 omnes
652 2018 902 2055 Athenienses
929 2018 1197 2055 delectarentur
1230 2015 1433 2064 tyrannicis

314 2087 459 2135 legibus
479 2116 491 2133 ‚
522 2098 608 2125 nuni
637 2088 774 2125 idcirco
805 2089 870 2124 hae
902 2089 999 2136 leges
1029 2090 1148 2136 justae
1176 2085 1432 2124 haberentur?

1360 2156 1430 2194 Ni-

357 2239 404 2277 (ι)
425 2238 495 2268 Cic.
518 2239 556 2266 de
580 2240 675 2278 Legg.
699 2238 774 2268 Lib.
798 2238 825 2268 Ι.
849 2250 877 2269 c.
900 2249 949 2269 22.

358 2292 406 2329 (α)
432 2291 501 2321 Cic.
526 2291 584 2322 hl.
608 2291 684 2321 Lib.
703 2291 747 2321 Π.
770 2301 797 2321 c.
814 2292 834 2322 4

356 2344 404 2383 (3)
432 2344 594 2374 Plutarch.
619 2347 662 2374 acl
677 2347 786 2385 princ.
812 2347 935 2374 zbnloct.
959 2344 1023 2374 Vol
1049 2344 1105 2374 IX.
1129 2355 1157 2382 p.
1178 2355 1247 2375 122.
