1492 2896
241 244 626 285 PHILOSOPHICO
639 264 654 274 -
670 244 973 285 HISTORICA.
1090 257 1160 293 ¹29

59 355 224 402 licentia,
251 366 435 403 quamque
455 356 516 392 ille
536 355 573 392 in
590 355 809 393 democratia
830 354 983 392 maxime
998 353 1158 402 reperire

55 425 128 463 sibi
150 425 355 463 videbatur.
408 425 477 464 Uti
504 425 598 462 enim
626 426 662 462 in
689 423 886 473 oligarchia
912 423 1054 462 divitiis
1075 431 1156 461 tan-

54 502 130 531 tum
167 494 267 544 cives
307 494 448 532 inhiant
486 504 523 532 et
558 494 694 542 opibus
734 493 948 541 colligendis
988 493 1153 531 omnium

53 563 204 600 maxime
240 573 327 601 sunt
358 564 513 610 intenti,
555 565 602 601 ita
638 552 898 610 magistratus,
934 563 1060 611 posita
1091 564 1154 612 ju-

51 633 212 671 ventutis
234 637 345 679 curii,
370 645 439 681 P1·o
467 634 702 681 temperantia
725 632 974 680 intemperiem
1004 632 1042 669 in
1059 633 1154 670 civi-

50 709 124 739 tate
154 702 332 741 dominari
366 702 492 740 sinunt
515 703 745 751 juvenesque
767 702 926 739 reddunt
957 707 1150 752 „rpumczu-

45 786 111 815 τοις
149 773 208 812 καὶ
245 773 391 816 ἀπόνους
425 773 482 812 καὶ
516 774 598 821 πρὸς
624 773 673 811 τοὶ
698 775 758 811 ’τοῦ
786 774 948 819 σώματος
976 772 1035 810 καὶ
1062 773 1146 818 πρὸς

43 842 92 879 τὰ
125 845 188 884 τῆς
222 846 372 890 ψυχῆς,
413 844 596 889 μαλακοὺς
638 844 673 881 δὲ
711 847 886 890 καρτερεῖν
912 843 996 890 πρὸς
1021 842 1145 887 ἡδονάς

41 925 84 948 τε
108 911 167 949 καὶ
194 912 339 955 λύπαις,
365 912 423 950 καὶ
453 910 630 960 ἁργοὺς.”
698 910 796 947 Tum
825 909 960 946 sensim
992 918 1144 957 magnae

41 977 211 1016 oriuntur
243 979 375 1017 divites
414 980 507 1017 inter
544 990 578 1017 et
613 990 790 1030 pauperes
831 979 988 1027 turbae,
1024 979 1141 1017 donec

41 1046 184 1083 tandem
211 1047 248 1084 hi
271 1048 479 1094 superiores
504 1048 592 1086 facti
619 1050 702 1086 illos
732 1049 862 1097 partim
889 1047 1142 1094 interficiunt,

39 1115 170 1163 partim
196 1117 382 1164 expellunt
400 1144 411 1162 ‚
443 1129 526 1155 cum
552 1118 684 1155 ceteris
711 1118 904 1165 imperium
931 1118 1140 1156 communi-

39 1193 136 1223 cant.
174 1187 314 1224 Exortfi
340 1186 454 1234 igitur
479 1187 699 1224 democratia
727 1197 853 1224 omnes
877 1194 985 1225 erunt
1008 1186 1140 1234 liberi,

39 1262 116 1292 tota
139 1254 269 1292 civitas
295 1256 362 1293 erit
392 1259 583 1306 ἐλευθερίαις
610 1264 645 1294 et
671 1259 861 1307 πκρῤησίας
889 1258 1023 1305 plena,
1053 1256 1140 1295 lice·

40 1325 93 1361 bit
121 1325 320 1372 unicuique
342 1325 462 1363 facere
489 1337 581 1373 quae
607 1325 710 1364 velit.
764 1325 1027 1364 Suavissimam
1053 1326 1140 1364 inde

38 1393 77 1431 in
113 1394 295 1442 praesenti
330 1394 429 1432 cives
467 1393 539 1431 sibi
574 1394 682 1431 vitam
717 1404 955 1442 comparant,
984 1403 1025 1431 ut
1052 1395 1137 1432 licet

38 1463 162 1511 possis
185 1464 285 1501 nulla
308 1462 356 1501 sit
381 1463 612 1512 magistratus
642 1464 789 1512 gerendi
816 1464 1016 1502 necessitas
1034 1492 1047 1512 ‚
1072 1476 1136 1503 ne-

39 1543 113 1580 que
138 1533 272 1570 bellum
301 1533 477 1581 gerendi,
512 1533 642 1571 ceteris
669 1534 879 1581 gerentibus
898 1562 910 1581 ,
937 1545 1003 1572 nec
1031 1534 1137 1582 quie-

38 1611 109 1639 tem
145 1602 299 1652 agendi,
340 1602 534 1651 agentibus
569 1603 729 1648 ceteris,
770 1603 841 1640 nisi
880 1604 927 1641 ita
966 1605 1132 1652 placeat3

39 1673 128 1718 quin
161 1673 294 1719 etiam,
330 1672 361 1710 si
397 1684 468 1719 qua
502 1673 559 1710 lex
592 1682 628 1709 te
663 1673 838 1720 imperare
869 1683 967 1711 vetet
993 1683 1028 1711 et
1055 1685 1138 1711 seu·

37 1743 184 1779 tentiam
219 1742 340 1787 ferre,
371 1742 614 1778 nihilominus
650 1751 847 1789 utrumque
874 1753 1044 1789 peragere
1066 1740 1135 1780 tibi

35 1810 184 1855 licebit,
213 1812 242 1846 si
276 1810 324 1846 ita
354 1809 466 1847 fuerit
496 1811 630 1847 visum.
685 1810 798 1859 Quod
823 1820 941 1848 autem
974 1811 1026 1848 ad.
1044 1812 1136 1848 leni·

35 1888 142 1917 tatem
172 1890 252 1927 erga
281 1881 468 1916 damnatos
496 1879 652 1924 attinev,
693 1880 857 1917 hommes
886 1880 921 1917 in
950 1880 1130 1929 ejusmodi

33 1948 181 1986 civitate
212 1959 328 1985 morte
362 1950 417 1985 vel
447 1948 576 1985 exsilio
607 1949 761 1985 damnari
788 1949 1029 1988 nihilominus
1055 1962 1132 1988 ma-

34 2027 122 2055 nent
148 2027 411 2064 versanturque
437 2019 474 2054 in
502 2018 620 2055 medio
638 2046 649 2060 .,
679 2028 713 2054 et
741 2020 845 2065 quasi
874 2030 982 2056 nemo
1007 2020 1044 2056 id
1068 2032 1131 2058 cu·-

31 2096 85 2124 ret
122 2089 177 2124 vel
214 2088 331 2125 videat
368 2089 514 2124 heroum
552 2087 665 2124 instar
699 2086 899 2134 incedunt3
936 2097 1046 2136 atque
1080 2090 1129 2128 ita

31 2157 228 2205 aequalitas
255 2158 427 2204 quaedam
452 2157 585 2203 pariter
611 2157 823 2203 aequalibus
846 2168 973 2195 ernon
996 2171 1129 2207 aequa-

32 2225 130 2263 libus
167 2227 507 2274 distribuitur-(1).
560 2226 600 2263 In
637 2227 703 2263 hac
742 2237 860 2264 autem
898 2239 962 2276 per
1001 2239 1127 2266 omnes

1079 2299 1132 2336 ci·

76 2348 120 2387 (ι)
148 2346 227 2376 Plat.
250 2348 286 2376 <ze
307 2350 388 2387 Rq».
413 2347 485 2378 Lib.
509 2345 608 2376 vm.
632 2358 662 2384 p.
676 2346 744 2377 555.
764 2347 845 2376 Β.-
868 2346 937 2378 558.
953 2347 991 2378 C.

569 2403 583 2437 I
