1492 2896
822 285 870 321 12

289 417 459 475 positae.
525 413 636 458 Haec
664 414 786 471 igitur
813 429 879 456 ars
905 413 1177 456 saluberrima
1207 429 1289 458 non
1319 429 1395 458 so-

289 494 371 537 lum
404 491 634 544 eruditum,
675 491 747 535 sed
778 491 958 549 probum
994 490 1281 549 optimumque
1313 491 1395 536 ho-

287 571 439 614 minem
466 569 687 613 desiderat.
751 568 824 613 Uti
853 567 961 611 enim
991 575 1134 612 nostra
1164 582 1232 612 ars
1263 568 1396 613 virtu-

286 647 360 699 tis,
397 645 661 690 humanitatis
693 652 816 702 atque
849 644 1157 690 misericordiae
1189 653 1250 690 est
1280 646 1391 697 filia,

283 724 342 768 ita
365 723 500 767 omnis
525 722 734 774 Medicus,
761 722 1064 780 quantumlibet
1089 722 1296 776 eruditus,
1322 724 1395 780 qui

283 801 392 845 hanc
427 801 576 844 aimam
622 807 795 843 matrem
835 814 920 843 non
948 799 1033 843 imo
1069 806 1241 858 pectore
1269 800 1393 853 colit,

281 877 352 921 illo
378 877 544 921 nomine
570 892 742 935 prorsus
770 877 964 934 indignus
994 884 1069 921 est.
1115 876 1235 934 Quae
1258 877 1392 930 enim,

284 953 341 997 uti
368 954 451 1009 jam
478 953 581 996 dixit
610 952 785 1005 Cicer0‚
823 961 885 997 est
921 953 1067 999 melior
1099 953 1144 997 in
1178 953 1393 998 hominum

283 1045 431 1087 genere
458 1037 629 1081 natura,
661 1045 782 1086 quam
819 1045 989 1082 eorum,
1022 1030 1093 1087 qui
1123 1046 1168 1075 se
1190 1038 1312 1075 natos
1337 1031 1392 1075 ad

284 1107 472 1150 homines
496 1107 722 1163 juv-andos,
750 1107 968 1160 tutandos,
991 1108 1300 1153 conservandos
1319 1124 1390 1152 ar-

284 1185 488 1229 bitrantur
503 1186 525 1228 ?

339 1262 440 1306 Jure
478 1262 618 1318 itaque
656 1262 864 1319 sequimur
901 1263 1105 1319 majorum
1146 1263 1389 1322 sapientiam

282 1348 404 1396 atque
444 1339 670 1398 pietatem,
729 1339 800 1395 qui
842 1347 1028 1383 nostram
1075 1346 1204 1383 artem
1246 1347 1389 1384 sancte

282 1416 431 1474 pieque
456 1404 670 1459 Colendam
689 1449 698 1467 ,
727 1431 902 1472 {tumque
929 1416 1122 1460 omnihus
1149 1417 1389 1470 virtutibus,

283 1508 388 1549 quae
419 1493 577 1536 homini
607 1493 769 1551 optimo
801 1501 896 1537 sunt
929 1502 1180 1539 ornamento
1211 1495 1390 1552 conjun-

281 1570 456 1627 gendam
486 1585 573 1613 esse
599 1577 856 1619 statuerunt,
883 1586 964 1627 qua
995 1572 1045 1615 de
1073 1586 1196 1615 causa
1213 1604 1225 1625 ‚
1249 1580 1292 1615 ut
1317 1587 1390 1616 sa·

281 1655 542 1691 crosencmm
568 1662 715 1690 munus
740 1648 927 1705 religiose
951 1648 1222 1706 perficerent,
1250 1650 1390 1694 Medi-

281 1740 354 1768 cos
394 1724 660 1780 jurejurando
701 1725 873 1768 solemni
916 1726 1119 1783 obstringi
1145 1727 1388 1780 voluerunt,

282 1803 396 1859 quod
424 1803 650 1860 prudenter
676 1803 738 1844 lex
759 1810 901 1845 nostra
923 1802 1192 1847 confirmavit.
1226 1804 1388 1848 Audia-

280 1879 331 1923 tis
363 1878 486 1937 igitur
525 1878 780 1922 Nobilissimi
820 1879 1103 1922 Doctorandi!
1140 1881 1387 1933 formulam,

281 1971 406 2011 quam
438 1956 555 1999 vobis
584 1957 816 2013 praelegam
836 1988 847 2008 ‚
875 1964 998 2012 atque
1026 1957 1159 2014 probe
1190 1956 1385 2011 videatis,

279 2048 376 2077 num
400 2048 448 2077 ex
472 2033 596 2076 animi
622 2033 743 2077 vestri
769 2033 969 2076 sententia
991 2033 1087 2077 issud
1104 2033 1386 2090 jusjurandum

278 2117 491 2170 praestare
522 2110 702 2169 possitis.

640 2229 656 2286 (
660 2231 691 2271 J
693 2232 795 2284 lb-Sjlb
801 2245 882 2271 ran
888 2232 919 2269 (l
921 2244 1007 2271 um.
1018 2227 1033 2282 )

336 2343 380 2387 Si
411 2344 490 2398 jam
528 2343 618 2387 [alis
652 2351 711 2387 est
747 2343 869 2388 vestri
901 2343 1026 2386 animi
1056 2342 1282 2396 sententia,
1317 2343 1384 2386 hie

280 2421 444 2479 publice
472 2435 612 2465 coram
640 2420 860 2475 omnibus,
889 2419 1024 2478 digitis
1049 2420 1259 2478 prioribus
1283 2420 1384 2464 duo-
