1492 2896
424 240 791 287 ORATIO..
1106 251 1159 296 15

60 369 122 428 gis
136 399 149 423 ‚
180 383 304 426 quam
335 370 418 416 hoc
446 373 656 419 literarum
675 409 685 428 ‚
720 378 958 424 inclaruisse
993 383 1163 430 Acade-

59 443 164 489 mias
177 446 339 504 patrias
352 478 364 500 ,
386 462 464 494 nec
483 465 581 494 vero
599 451 694 496 huic
711 462 878 500 nostrae
902 457 1164 516 Traiectinae

61 521 265 577 defuisse,
298 524 369 581 qui
405 526 458 569 ad
492 543 695 572 summum
730 531 1012 579 doctrinarum
1049 554 1166 585 emo—

60 597 286 644 lumentum
328 599 595 647 humanitatis
641 606 898 665 disciplinam
941 614 1165 660 traderent.

62 672 321 728 Triumviros
344 682 686 734 commemoravi,
713 685 811 740 qui,
836 686 879 729 in
899 687 1026 734 literis
1051 698 1168 737 trac-

62 750 202 796 tandis
213 783 227 806 ,
248 751 476 800 Historiam
493 763 719 803 tractarent
736 761 1021 820 potissimum:
1047 769 1171 827 prin-

61 827 176 887 cipes
205 828 263 873 illi
297 831 510 878 literarum
541 836 730 889 fuerunt,
765 853 842 884 nec
876 841 1059 901 impares
1091 847 1140 891 iis
1154 881 1168 899 ‚

61 905 100 949 -si
137 905 391 965 diligentiam
438 909 734 970 doctrinaeque
776 917 939 975 copiam
978 929 1143 980 spectas
1161 957 1173 975 ‚

62 981 423 1038 Burmannus,
476 987 672 1033 Saxius
688 1023 701 1043 ,
755 993 1013 1041 Goensius
1029 1030 1041 1050 ‚
1086 999 1174 1044 Se-

53 1059 216 1117 -gar‘iu
224 1075 259 1106 s.
321 1061 408 1107 Sed
445 1064 537 1121 quis
578 1074 640 1110 est
669 1076 858 1114 nostrum
877 1103 889 1124 ,
920 1075 1144 1122 Auditores
1160 1111 1172 1132 ,

66 1136 175 1194 qui,
193 1136 346 1183 horum
375 1148 577 1200 reputans
605 1143 648 1187 in
677 1144 816 1191 literas
855 1150 1029 1203 merita,
1059 1153 1172 1197 illum

64 1227 151 1259 non
176 1215 329 1274 cogitet
354 1217 494 1263 animo
512 1251 525 1272 ‚
556 1220 627 1277 qui
656 1226 884 1281 praecessit
914 1235 1049 1273 aetate
1077 1245 1175 1274 om-

62 1291 189 1343 nibus
202 1324 217 1347 ,
271 1293 441 1339 heroem
485 1298 608 1356 plane
652 1300 696 1343 in
744 1302 954 1348 literarum
1005 1307 1149 1352 studiis
1167 1341 1178 1361 ‚

62 1369 270 1415 'Gronovii
284 1403 298 1424 ,
329 1387 453 1430 quem
484 1374 742 1422 laudavimus
762 1411 773 1430 ,
816 1395 1056 1438 germanum
1088 1384 1179 1428 dis-

70 1445 274 1506 cipulum,
295 1448 557 1496 Joannem
573 1454 857 1513 Georgium
873 1458 1177 1506 Graevium?

112 1522 307 1581 ‘Scholas
344 1528 726 1588 metaphysicorum
762 1534 899 1591 patria
927 1544 1072 1582 nostra
1093 1553 1177 1582 non

70 1602 270 1660 protulit,
315 1605 389 1649 sed
432 1605 577 1651 habuit
611 1609 867 1656 literatorum
885 1644 896 1664 ,
945 1627 1037 1657 cum
1079 1616 1178 1660 alias

71 1680 449 1738 tum-‚praecipuas
497 1683 609 1738 illas,
662 1686 812 1732 Burm
826 1704 886 1732 an
898 1690 1103 1736 nianam
1141 1702 1178 1737 et

74 1752 605 1806 Hemsterhusianam.
659 1763 735 1809 His
755 1773 889 1810 autem
921 1768 1073 1814 factum
1090 1802 1103 1822 ,
1134 1779 1178 1815 ut

75 1831 178 1876 clari
195 1833 384 1892 plerique
401 1835 443 1879 in
460 1852 534 1882 sua
558 1838 778 1899 disciplina
799 1842 900 1895 viri,
920 1845 1077 1903 pariter
1097 1847 1182 1891 fere

75 1921 100 1951 a
122 1906 333 1954 literarum
356 1912 501 1957 studiis
530 1919 932 1965 commendarentur.
979 1922 1060 1968 Hic
1082 1933 1202 1969 vero''

64 1983 175 2040 quid
201 1986 383 2043 singulos
412 1989 644 2049 singulatim
660 2026 672 2046 ‚
713 1995 783 2051 qui
811 1998 922 2055 apud
947 2014 1024 2044 nos
1046 2001 1182 2046 incla-

70 2069 272 2116 ruerunt,
303 2079 528 2112 memorem
545 2100 557 2121 ‚
588 2069 630 2113 in
650 2070 954 2120 Jureconsultis
967 2109 979 2129 ,
1012 2078 1183 2123 Nood-

73 2138 197 2184 tium
213 2166 235 2194 ,-
276 2141 524 2189 Meinard.
570 2147 955 2207 Tydemannum
971 2185 983 2207 ‚
1031 2156 1181 2201 Henr.

66 2215 147 2262 Jo.
181 2213 541 2267 Arntzenium
560 2255 572 2277 ‚
617 2225 948 2275 Bondamum
966 2264 978 2284 ,
1011 2233 1184 2280 Rhoe-

73 2292 206 2338 rium
220 2328 232 2348 ‚
260 2296 306 2342 in
342 2298 568 2358 Theologis
599 2310 637 2346 et
670 2304 940 2352 Orientalium
971 2310 1181 2357 literarum
