1492 2896
455 280 838 328 ORATIO.
1138 280 1191 327 51

93 422 294 469 saeculari
332 423 534 468 Oratione
581 424 822 468 memoravit
867 424 943 468 Vir
994 423 1188 468 Clarissi-

89 514 181 545 mus
209 498 458 545 Heusdiu
473 516 520 556 s,
550 501 834 546 Bibliothecae
855 502 1108 547 Praefectus.
1132 526 1191 536 —

91 576 369 623 Accesserant
413 578 613 637 deinceps
658 592 748 622 cum
801 578 878 622 alia
899 610 913 632 ,
967 586 1050 621 tum
1101 580 1190 627 exi-

87 657 217 700 mium
243 654 423 700 Victoris
452 652 607 700 Cusini¹
623 670 794 699 munus:
823 658 1063 712 ouvrages
1091 660 1192 700 ine-

85 736 182 778 dits
222 734 484 778 d’Ahe‘lard
519 749 614 789 par
662 735 736 778 M.
782 735 948 776 Victor
995 735 1189 786 Cous-in,

88 813 237 855 Paris
276 809 415 855 1836.
444 809 648 854 Addimus
671 809 737 854 his
770 816 906 855 autem
943 809 1047 861 duo,
1080 824 1189 866 quae

88 885 155 932 his
186 886 287 946 ipsis
312 887 459 932 diebus
487 887 542 931 ad
563 900 642 931 nos
672 887 832 945 perlata
857 893 979 942 sunt3
1008 887 1190 945 primum

84 965 344 1026 superiorum
397 971 633 1024 temporum
685 963 891 1008 Alumnos
938 962 1190 1007 Academiae

85 1048 254 1086 nostrae
271 1071 284 1096 ‚
322 1038 479 1097 quibus
508 1039 633 1084 vitam
665 1039 960 1084 Academicam
996 1054 1189 1084 commu-—

82 1118 207 1164 nibus
237 1116 446 1164 reminisci
470 1116 669 1162 conviviis
690 1116 847 1176 placuit
861 1147 873 1169 ,
898 1122 1057 1161 certam
1088 1115 1188 1160 des-

83 1195 238 1240 tinasse
273 1192 475 1254 pecuniae
499 1208 728 1247 summam,
758 1199 828 1245 ut,
860 1207 954 1237 cum
980 1192 1025 1236 in
1054 1192 1188 1236 bene-

83 1272 166 1318 voli
206 1287 306 1331 erga
346 1272 496 1316 almam
538 1270 717 1316 Matrem
756 1269 882 1314 animi
924 1268 1184 1314 testificatio-

81 1363 198 1403 nem,
228 1356 316 1393 tum
344 1348 388 1392 in
407 1348 501 1393 festi
527 1346 750 1393 saecularis
772 1347 1041 1400 memoriam,
1068 1347 1184 1390 Aca-

82 1427 241 1472 demiae
274 1425 540 1471 Bibliotheca
582 1423 803 1484 splendido
846 1423 959 1468 dono
1002 1422 1187 1467 litei-ario

83 1503 312 1558 ditaretur3
357 1527 414 1538 --
454 1502 627 1546 alterum
659 1501 784 1545 Viros
819 1499 862 1544 in
888 1500 969 1544 hac
1008 1499 1185 1544 Civitate

81 1579 432 1642 spectatissimos,
489 1577 603 1623 Festi
652 1577 786 1622 nostri
835 1575 1147 1635 opportunitate
1170 1604 1184 1627 ‚

80 1659 263 1705 florenos
285 1665 349 1703 ter
378 1656 487 1701 mille
519 1662 560 1700 et
586 1654 913 1712 quadringentos
943 1651 1181 1696 Bibliothe-

84 1728 279 1780 cae'esse
319 1732 571 1792 gratificatos
587 1764 599 1785 ‚
631 1732 745 1788 quod
767 1730 863 1774 item
890 1729 1044 1773 donum
1072 1728 1185 1771 haud

82 1813 167 1870 jam
201 1809 568 1862 contemnendum,
596 1807 715 1852 novis
751 1805 1046 1864 comparandis
1065 1804 1183 1848 libris

85 1887 318 1934 adhibetur.
401 1886 492 1944 Ego
535 1898 635 1929 vero
674 1884 725 1927 A.
777 1881 828 1926 H.
873 1889 1051 1938 utroque
1099 1880 1185 1924 hoc

83 1965 237 2010 nuncio
276 1963 489 2008 vobiscum
526 1959 854 2012 communicato,
895 1951 1025 2001 nolim
1064 1969 1185 2000 com-

84 2043 271 2094 mittere,
309 2040 408 2097 quin
449 2036 742 2083 liberalissimis
779 2033 1055 2078 donatoribus
1088 2044 1187 2076 cum

84 2118 373 2179 praesentibus
389 2150 401 2171 ,
432 2124 517 2160 tum
540 2114 662 2159 etiam
689 2111 950 2163 absentibus,
979 2123 1064 2168 pro
1086 2115 1187 2152 tau-

74 2197 136 2242 ’τίς
167 2194 402 2240 muneribus
431 2192 581 2251 gratias
606 2205 725 2248 agam
755 2203 880 2246 quam
913 2186 1128 2230 maximas»

141 2274 236 2317 Non
277 2271 420 2316 eadem
456 2269 538 2314 dici
574 2273 750 2328 possunt
791 2265 843 2310 de
883 2262 1040 2309 Museis
1083 2275 1190 2304 nos-

87 2350 176 2396 tris.
205 2374 258 2382 —
287 2350 430 2406 Neque
465 2346 571 2391 enim
599 2344 799 2390 'Museum
840 2339 1108 2397 Geologicum
1131 2342 1188 2380 vet

869 2417 937 2462 4*
