1492 2896
321 303 381 347 35
411 303 449 345 J.
470 303 517 345 L.
537 302 584 345 C.
603 300 958 345 SCHROEDER
976 314 1077 345 vAN
1092 316 1186 345 DER
1201 300 1360 346 KOLK

323 443 474 486 stantia
523 449 561 484 et
609 442 744 499 vigore
795 449 964 485 mortem
1018 443 1421 502 appropinquantem

323 519 602 578 exspectavit,
633 526 756 575 atque
777 532 980 577 corpore,
1009 532 1094 562 non
1120 519 1283 571 animo,
1320 532 1426 562 con-

296 595 454 642 'sectus
484 599 538 642 ad
563 598 796 642 beatiorum
823 597 962 642 sedem
996 597 1109 641 abiit.

379 674 500 718 Hu'nc
523 674 656 718 autem
687 674 828 717 Virum
858 673 1063 731 egregium
1090 673 1281 726 Patriae,
1309 675 1425 717 Aea-

320 752 480 795 demiae
510 751 737 810 disciplinis
753 782 765 802 ,
793 765 897 807 quas
924 749 1072 802 coluit,
1095 749 1310 802 omnibus,
1327 750 1425 806 qui—

321 828 399 870 bus
427 827 608 886 profuit,
640 833 826 885 ereptum
869 841 960 870 cum
997 827 1228 884 lugeamus,
1260 833 1321 870 est
1356 833 1424 870 ta—

320 918 439 955 men,
471 917 555 960 quo
584 906 839 957 recreemur3
871 902 1067 959 quoniam
1092 916 1178 946 non
1202 902 1332 946 solum
1350 916 1424 947 vos

318 980 405 1023 Viri
430 978 708 1038 Amplissimi!
755 992 880 1023 sanos
911 986 949 1022 et
988 979 1125 1022 salvos
1157 977 1226 1022 hic
1254 979 1422 1031 adesse,

300 1055 543 1100 <sedetiam
590 1054 803 1099 Curatoris
844 1055 979 1099 locum
1021 1069 1193 1099 vacuum
1236 1069 1424 1114 occupa-

296 1139 404 1175 tum
430 1147 518 1176 esse
547 1131 730 1175 videmus
755 1147 778 1175 a
806 1131 907 1175 Viro
935 1130 1214 1183 nobilissimo,
1259 1132 1422 1177 Pabst

318 1211 413 1251 va'n
460 1208 687 1265 Bingerd
699 1221 781 1259 en,
842 1222 962 1264 quem
1011 1207 1241 1251 valetudine
1288 1207 1423 1252 minus

316 1299 520 1344 prospera
551 1284 618 1327 hic
648 1284 860 1328 absentem
895 1283 1108 1339 dolemus3
1141 1283 1254 1341 quod
1274 1299 1422 1329 munus

304 1361 778 1404 ¹honorificentissimum
815 1359 872 1402 illi
913 1359 1097 1403 oblatum
1130 1374 1180 1404 eo
1216 1360 1423 1405 lubentius

316 1444 355 1480 et
385 1437 514 1480 Vobis
544 1445 582 1480 et
622 1435 871 1480 Academiae
908 1437 1120 1493 gratulor,
1180 1438 1422 1494 quo-tutius

313 1514 524 1557 confidere
574 1527 816 1572 possumus,
877 1512 1017 1556 Virum
1059 1512 1163 1556 tanti
1217 1513 1421 1567 nominis,

317 1591 524 1646 tantisque
560 1590 788 1633 bonoribus
817 1596 938 1645 atque
966 1589 1154 1633 doctrina
1190 1589 1420 1648 insignem,

315 1674 480 1710 nostrae
522 1666 768 1709 Academiae
805 1679 872 1708 res
913 1665 1103 1708 omnibus
1148 1665 1303 1710 viribus
1341 1668 1423 1710 ad-

316 1745 501 1800 {uturum
527 1743 627 1786 fore.

814 1851 913 1860 ..-

371 1906 431 1949 Ex
460 1905 625 1949 Ordine
656 1905 776 1949 etiam
809 1905 1097 1948 professorum
1133 1904 1254 1948 nobis
1285 1913 1418 1949 morte

310 1991 478 2042 ereptus
505 1990 565 2026 est
593 1981 821 2026 Gabriel
852 1979 1129 2025 Oordtius
1153 1988 1318 2033 noster,
1351 1997 1421 2025 se—

303 2075 390 2103 nex
437 2058 721 2111 venerandus,
768 2072 890 2115 quem
929 2056 1076 2106 merito
1114 2071 1188 2100 suo
1233 2058 1418 2114 lugemus

301 2151 468 2180 omncs,
502 2161 555 2170 --
587 2136 690 2180 Erat
717 2136 823 2178 enim
849 2135 890 2176 in
922 2147 970 2177 eo
1001 2132 1111 2176 mitis
1129 2132 1313 2184 indoles,
1343 2150 1419 2178 ur·-

311 2212 498 2260 bauitas,
545 2211 748 2263 comitas,
779 2210 996 2267 singularis
1036 2209 1227 2267 officiosa
1269 2211 1419 2254 volun-

302 2294 399 2338 -tas,
440 2286 695 2344 benignitas,
745 2293 784 2329 et
821 2285 1078 2338 liberalitas,
1125 2300 1248 2342 quam
1296 2302 1418 2332 nemo

301 2363 433 2407 >miser
470 2364 630 2406 frustra
662 2362 940 2420 implorabat,
985 2360 1175 2419 probitas
1209 2370 1248 2406 et
1286 2364 1417 2422 pietas
