<?xml version="1.0" encoding="UTF-8"?>
<!DOCTYPE html PUBLIC "-//W3C//DTD XHTML 1.0 Transitional//EN"
    "http://www.w3.org/TR/xhtml1/DTD/xhtml1-transitional.dtd">
<html xmlns="http://www.w3.org/1999/xhtml" xml:lang="en" lang="en">
 <head>
  <title>
</title>
<meta http-equiv="Content-Type" content="text/html;charset=utf-8" />
  <meta name='ocr-system' content='tesseract 3.04.00' />
  <meta name='ocr-capabilities' content='ocr_page ocr_carea ocr_par ocr_line ocrx_word'/>
</head>
<body>
  <div class='ocr_page' id='page_1' title='image "annalesacademiae36acad_0464.png"; bbox 0 0 1492 2896; ppageno 0'>
   <div class='ocr_carea' id='block_1_1' title="bbox 255 268 964 336">
    <p class='ocr_par' dir='ltr' id='par_1_1' title="bbox 255 268 964 336">
     <span class='ocr_line' id='line_1_1' title="bbox 255 268 964 336; baseline -0.004 -9"><span class='ocrx_word' id='word_1_1' title='bbox 255 291 322 327; x_wconf 64' lang='grc' dir='ltr'>ηις</span> <span class='ocrx_word' id='word_1_2' title='bbox 645 268 964 336; x_wconf 65' lang='lat' dir='ltr'>msotnsi‘r&#39;to</span> 
     </span>
    </p>
   </div>
   <div class='ocr_carea' id='block_1_2' title="bbox 239 395 1359 2314">
    <p class='ocr_par' dir='ltr' id='par_1_2' title="bbox 239 395 1359 2256">
     <span class='ocr_line' id='line_1_2' title="bbox 246 395 1350 442; baseline 0.002 -8"><span class='ocrx_word' id='word_1_3' title='bbox 246 395 408 434; x_wconf 75' lang='lat' dir='ltr'>alebatur</span> <span class='ocrx_word' id='word_1_4' title='bbox 443 406 569 441; x_wconf 73' lang='lat' dir='ltr'>amor,</span> <span class='ocrx_word' id='word_1_5' title='bbox 608 395 660 432; x_wconf 82' lang='lat' dir='ltr'>sic</span> <span class='ocrx_word' id='word_1_6' title='bbox 687 395 805 432; x_wconf 81' lang='lat' dir='ltr'>virtus</span> <span class='ocrx_word' id='word_1_7' title='bbox 834 405 972 433; x_wconf 78' lang='lat' dir='ltr'>mature</span> <span class='ocrx_word' id='word_1_8' title='bbox 997 396 1119 442; x_wconf 83' lang='lat' dir='ltr'>pueris</span> <span class='ocrx_word' id='word_1_9' title='bbox 1143 395 1350 436; x_wconf 72' lang='lat' dir='ltr'>indebatur.</span> 
     </span>
     <span class='ocr_line' id='line_1_3' title="bbox 247 463 1356 512; baseline 0 -9"><span class='ocrx_word' id='word_1_10' title='bbox 247 466 346 504; x_wconf 82' lang='lat' dir='ltr'>Haec</span> <span class='ocrx_word' id='word_1_11' title='bbox 376 473 496 502; x_wconf 85' lang='lat' dir='ltr'>autem</span> <span class='ocrx_word' id='word_1_12' title='bbox 535 463 702 501; x_wconf 85' lang='lat' dir='ltr'>firmabat</span> <span class='ocrx_word' id='word_1_13' title='bbox 741 465 941 501; x_wconf 82' lang='lat' dir='ltr'>domestica</span> <span class='ocrx_word' id='word_1_14' title='bbox 973 473 1166 512; x_wconf 79' lang='lat' dir='ltr'>parentum</span> <span class='ocrx_word' id='word_1_15' title='bbox 1197 471 1356 504; x_wconf 83' lang='lat' dir='ltr'>consue-</span> 
     </span>
     <span class='ocr_line' id='line_1_4' title="bbox 246 533 1353 582; baseline -0.001 -8"><span class='ocrx_word' id='word_1_16' title='bbox 246 537 363 582; x_wconf 78' lang='lat' dir='ltr'>tudo,</span> <span class='ocrx_word' id='word_1_17' title='bbox 389 543 429 573; x_wconf 89' lang='lat' dir='ltr'>ut</span> <span class='ocrx_word' id='word_1_18' title='bbox 459 534 524 582; x_wconf 85' lang='lat' dir='ltr'>qui</span> <span class='ocrx_word' id='word_1_19' title='bbox 552 545 659 582; x_wconf 84' lang='lat' dir='ltr'><strong>quam</strong></span> <span class='ocrx_word' id='word_1_20' title='bbox 688 533 760 582; x_wconf 85' lang='lat' dir='ltr'>ipsi</span> <span class='ocrx_word' id='word_1_21' title='bbox 786 544 902 571; x_wconf 81' lang='lat' dir='ltr'>rerum</span> <span class='ocrx_word' id='word_1_22' title='bbox 933 545 1004 570; x_wconf 86' lang='lat' dir='ltr'>usu</span> <span class='ocrx_word' id='word_1_23' title='bbox 1030 534 1090 570; x_wconf 90' lang='lat' dir='ltr'>vel</span> <span class='ocrx_word' id='word_1_24' title='bbox 1112 534 1257 573; x_wconf 82' lang='lat' dir='ltr'><strong>aliunde</strong></span> <span class='ocrx_word' id='word_1_25' title='bbox 1278 533 1353 573; x_wconf 78' lang='lat' dir='ltr'>sibi</span> 
     </span>
     <span class='ocr_line' id='line_1_5' title="bbox 245 603 1359 653; baseline 0.001 -10"><span class='ocrx_word' id='word_1_26' title='bbox 245 612 545 653; x_wconf 84' lang='lat' dir='ltr'>comparaverant</span> <span class='ocrx_word' id='word_1_27' title='bbox 580 603 825 652; x_wconf 73' lang='lat' dir='ltr'><strong>sapientiam,</strong></span> <span class='ocrx_word' id='word_1_28' title='bbox 864 615 947 641; x_wconf 84' lang='lat' dir='ltr'>cum</span> <span class='ocrx_word' id='word_1_29' title='bbox 982 603 1108 640; x_wconf 87' lang='lat' dir='ltr'>liberis</span> <span class='ocrx_word' id='word_1_30' title='bbox 1144 615 1219 642; x_wconf 87' lang='lat' dir='ltr'>eam</span> <span class='ocrx_word' id='word_1_31' title='bbox 1255 616 1359 644; x_wconf 90' lang='lat' dir='ltr'>com-</span> 
     </span>
     <span class='ocr_line' id='line_1_6' title="bbox 248 673 1356 721; baseline -0.001 -9"><span class='ocrx_word' id='word_1_32' title='bbox 248 675 431 712; x_wconf 89' lang='lat' dir='ltr'>municare</span> <span class='ocrx_word' id='word_1_33' title='bbox 467 675 661 720; x_wconf 81' lang='lat' dir='ltr'>solebant,</span> <span class='ocrx_word' id='word_1_34' title='bbox 699 675 794 711; x_wconf 89' lang='lat' dir='ltr'>unde</span> <span class='ocrx_word' id='word_1_35' title='bbox 826 673 1092 721; x_wconf 82' lang='lat' dir='ltr'>repetendum,</span> <span class='ocrx_word' id='word_1_36' title='bbox 1131 680 1173 710; x_wconf 90' lang='lat' dir='ltr'>ut</span> <span class='ocrx_word' id='word_1_37' title='bbox 1195 673 1356 713; x_wconf 80' lang='lat' dir='ltr'>Romani</span> 
     </span>
     <span class='ocr_line' id='line_1_7' title="bbox 245 739 1357 794; baseline 0.001 -12"><span class='ocrx_word' id='word_1_38' title='bbox 245 754 316 782; x_wconf 85' lang='lat' dir='ltr'>tam</span> <span class='ocrx_word' id='word_1_39' title='bbox 347 743 520 794; x_wconf 78' lang='lat' dir='ltr'>singulari</span> <span class='ocrx_word' id='word_1_40' title='bbox 554 743 724 792; x_wconf 86' lang='lat' dir='ltr'>corporis</span> <span class='ocrx_word' id='word_1_41' title='bbox 755 742 890 780; x_wconf 86' lang='lat' dir='ltr'>robore</span> <span class='ocrx_word' id='word_1_42' title='bbox 927 753 1037 791; x_wconf 89' lang='lat' dir='ltr'><strong>quam</strong></span> <span class='ocrx_word' id='word_1_43' title='bbox 1071 742 1183 782; x_wconf 83' lang='lat' dir='ltr'>animi</span> <span class='ocrx_word' id='word_1_44' title='bbox 1207 739 1357 783; x_wconf 84' lang='lat' dir='ltr'>fortitu-</span> 
     </span>
     <span class='ocr_line' id='line_1_8' title="bbox 245 813 1356 863; baseline 0 -11"><span class='ocrx_word' id='word_1_45' title='bbox 245 815 332 852; x_wconf 83' lang='lat' dir='ltr'>dine</span> <span class='ocrx_word' id='word_1_46' title='bbox 362 825 402 852; x_wconf 85' lang='lat' dir='ltr'>ae</span> <span class='ocrx_word' id='word_1_47' title='bbox 436 813 636 861; x_wconf 84' lang='lat' dir='ltr'>praesentia</span> <span class='ocrx_word' id='word_1_48' title='bbox 676 813 872 863; x_wconf 84' lang='lat' dir='ltr'>conspicui</span> <span class='ocrx_word' id='word_1_49' title='bbox 909 820 1034 852; x_wconf 77' lang='lat' dir='ltr'>essent</span> <span class='ocrx_word' id='word_1_50' title='bbox 1058 813 1144 863; x_wconf 78' lang='grc' dir='ltr'>(ι).</span> <span class='ocrx_word' id='word_1_51' title='bbox 1200 813 1356 863; x_wconf 71' lang='lat' dir='ltr'>„Igitur</span> 
     </span>
     <span class='ocr_line' id='line_1_9' title="bbox 244 882 1354 932; baseline 0.001 -10"><span class='ocrx_word' id='word_1_52' title='bbox 244 883 345 922; x_wconf 82' lang='lat' dir='ltr'>domi</span> <span class='ocrx_word' id='word_1_53' title='bbox 374 882 600 931; x_wconf 83' lang='lat' dir='ltr'>militiaeque</span> <span class='ocrx_word' id='word_1_54' title='bbox 625 882 716 921; x_wconf 90' lang='lat' dir='ltr'>boni</span> <span class='ocrx_word' id='word_1_55' title='bbox 744 895 865 922; x_wconf 84' lang='lat' dir='ltr'>mores</span> <span class='ocrx_word' id='word_1_56' title='bbox 887 884 1128 932; x_wconf 84' lang='lat' dir='ltr'>colebantur,</span> <span class='ocrx_word' id='word_1_57' title='bbox 1156 884 1354 924; x_wconf 80' lang='lat' dir='ltr'>concordia</span> 
     </span>
     <span class='ocr_line' id='line_1_10' title="bbox 246 953 1354 1004; baseline 0.002 -12"><span class='ocrx_word' id='word_1_58' title='bbox 246 962 436 1000; x_wconf 85' lang='lat' dir='ltr'><strong>maxuma,</strong></span> <span class='ocrx_word' id='word_1_59' title='bbox 459 953 622 991; x_wconf 78' lang='lat' dir='ltr'><strong>minuma</strong></span> <span class='ocrx_word' id='word_1_60' title='bbox 646 954 794 992; x_wconf 83' lang='lat' dir='ltr'>avaritia</span> <span class='ocrx_word' id='word_1_61' title='bbox 816 963 911 992; x_wconf 80' lang='lat' dir='ltr'>erat:</span> <span class='ocrx_word' id='word_1_62' title='bbox 930 955 992 1004; x_wconf 84' lang='lat' dir='ltr'>J&#39;us</span> <span class='ocrx_word' id='word_1_63' title='bbox 1013 954 1233 1003; x_wconf 85' lang='lat' dir='ltr'>bonumque</span> <span class='ocrx_word' id='word_1_64' title='bbox 1251 956 1354 1004; x_wconf 76' lang='lat' dir='ltr'>apud</span> 
     </span>
     <span class='ocr_line' id='line_1_11' title="bbox 244 1022 1354 1074; baseline 0.001 -13"><span class='ocrx_word' id='word_1_65' title='bbox 244 1034 309 1061; x_wconf 83' lang='lat' dir='ltr'>eos</span> <span class='ocrx_word' id='word_1_66' title='bbox 336 1031 411 1061; x_wconf 79' lang='lat' dir='ltr'>n&#39;on</span> <span class='ocrx_word' id='word_1_67' title='bbox 437 1023 580 1072; x_wconf 81' lang='lat' dir='ltr'>legibus</span> <span class='ocrx_word' id='word_1_68' title='bbox 606 1023 723 1072; x_wconf 77' lang='lat' dir='ltr'>&#39;magis</span> <span class='ocrx_word' id='word_1_69' title='bbox 756 1035 863 1070; x_wconf 85' lang='lat' dir='ltr'>quam</span> <span class='ocrx_word' id='word_1_70' title='bbox 899 1025 1030 1062; x_wconf 63' lang='lat' dir='ltr'>natura</span> <span class='ocrx_word' id='word_1_71' title='bbox 1064 1022 1220 1062; x_wconf 87' lang='lat' dir='ltr'>valebat.</span> <span class='ocrx_word' id='word_1_72' title='bbox 1268 1024 1354 1074; x_wconf 86' lang='lat' dir='ltr'>Jur-</span> 
     </span>
     <span class='ocr_line' id='line_1_12' title="bbox 245 1093 1351 1141; baseline 0.001 -11"><span class='ocrx_word' id='word_1_73' title='bbox 245 1094 326 1141; x_wconf 83' lang='lat' dir='ltr'>gia‚</span> <span class='ocrx_word' id='word_1_74' title='bbox 366 1093 596 1139; x_wconf 80' lang='lat' dir='ltr'>discordias,</span> <span class='ocrx_word' id='word_1_75' title='bbox 634 1094 839 1131; x_wconf 81' lang='lat' dir='ltr'>simultates</span> <span class='ocrx_word' id='word_1_76' title='bbox 877 1105 960 1132; x_wconf 90' lang='lat' dir='ltr'>cum</span> <span class='ocrx_word' id='word_1_77' title='bbox 998 1093 1171 1131; x_wconf 82' lang='lat' dir='ltr'>hostibus</span> <span class='ocrx_word' id='word_1_78' title='bbox 1207 1102 1351 1132; x_wconf 87' lang='lat' dir='ltr'>exerce-</span> 
     </span>
     <span class='ocr_line' id='line_1_13' title="bbox 243 1158 1351 1210; baseline 0 -10"><span class='ocrx_word' id='word_1_79' title='bbox 243 1163 359 1210; x_wconf 78' lang='lat' dir='ltr'>bant3</span> <span class='ocrx_word' id='word_1_80' title='bbox 395 1163 493 1199; x_wconf 73' lang='lat' dir='ltr'>civcs</span> <span class='ocrx_word' id='word_1_81' title='bbox 531 1171 613 1199; x_wconf 82' lang='lat' dir='ltr'>cum</span> <span class='ocrx_word' id='word_1_82' title='bbox 648 1160 793 1200; x_wconf 87' lang='lat' dir='ltr'>civibus</span> <span class='ocrx_word' id='word_1_83' title='bbox 831 1162 874 1200; x_wconf 92' lang='lat' dir='ltr'>de</span> <span class='ocrx_word' id='word_1_84' title='bbox 900 1161 1040 1200; x_wconf 88' lang='lat' dir='ltr'>virtute</span> <span class='ocrx_word' id='word_1_85' title='bbox 1065 1161 1269 1201; x_wconf 79' lang='lat' dir='ltr'>certabant.</span> <span class='ocrx_word' id='word_1_86' title='bbox 1307 1158 1351 1200; x_wconf 82' lang='lat' dir='ltr'>In</span> 
     </span>
     <span class='ocr_line' id='line_1_14' title="bbox 244 1228 1355 1281; baseline 0 -11"><span class='ocrx_word' id='word_1_87' title='bbox 244 1228 439 1281; x_wconf 68' lang='lat' dir='ltr'>suppliciis</span> <span class='ocrx_word' id='word_1_88' title='bbox 475 1233 639 1270; x_wconf 82' lang='lat' dir='ltr'>Deorum</span> <span class='ocrx_word' id='word_1_89' title='bbox 675 1230 885 1279; x_wconf 83' lang='lat' dir='ltr'>magnifici,</span> <span class='ocrx_word' id='word_1_90' title='bbox 919 1232 1020 1270; x_wconf 86' lang='lat' dir='ltr'>domi</span> <span class='ocrx_word' id='word_1_91' title='bbox 1045 1231 1174 1280; x_wconf 81' lang='lat' dir='ltr'>parci,</span> <span class='ocrx_word' id='word_1_92' title='bbox 1201 1230 1240 1269; x_wconf 85' lang='lat' dir='ltr'>in</span> <span class='ocrx_word' id='word_1_93' title='bbox 1265 1232 1355 1271; x_wconf 84' lang='lat' dir='ltr'>ami-</span> 
     </span>
     <span class='ocr_line' id='line_1_15' title="bbox 244 1297 1352 1349; baseline 0.001 -9"><span class='ocrx_word' id='word_1_94' title='bbox 244 1310 310 1340; x_wconf 81' lang='lat' dir='ltr'>cos</span> <span class='ocrx_word' id='word_1_95' title='bbox 333 1297 462 1340; x_wconf 72' lang='lat' dir='ltr'>‘fideles</span> <span class='ocrx_word' id='word_1_96' title='bbox 489 1308 605 1340; x_wconf 71' lang='lat' dir='ltr'>crant.</span> <span class='ocrx_word' id='word_1_97' title='bbox 678 1300 833 1339; x_wconf 86' lang='lat' dir='ltr'>Duabus</span> <span class='ocrx_word' id='word_1_98' title='bbox 860 1301 918 1339; x_wconf 90' lang='lat' dir='ltr'>his</span> <span class='ocrx_word' id='word_1_99' title='bbox 943 1301 1111 1349; x_wconf 82' lang='lat' dir='ltr'>artibus,</span> <span class='ocrx_word' id='word_1_100' title='bbox 1140 1301 1288 1340; x_wconf 84' lang='lat' dir='ltr'>audacia</span> <span class='ocrx_word' id='word_1_101' title='bbox 1313 1301 1352 1341; x_wconf 86' lang='lat' dir='ltr'>in</span> 
     </span>
     <span class='ocr_line' id='line_1_16' title="bbox 245 1368 1354 1420; baseline 0.001 -10"><span class='ocrx_word' id='word_1_102' title='bbox 245 1373 371 1417; x_wconf 76' lang='lat' dir='ltr'>bello,</span> <span class='ocrx_word' id='word_1_103' title='bbox 406 1368 473 1410; x_wconf 79' lang='lat' dir='ltr'>ubi</span> <span class='ocrx_word' id='word_1_104' title='bbox 509 1381 580 1420; x_wconf 69' lang='lat' dir='ltr'>&#39;pax</span> <span class='ocrx_word' id='word_1_105' title='bbox 617 1381 811 1417; x_wconf 78' lang='lat' dir='ltr'>evenerat,</span> <span class='ocrx_word' id='word_1_106' title='bbox 847 1371 1030 1420; x_wconf 82' lang='lat' dir='ltr'>aequitate</span> <span class='ocrx_word' id='word_1_107' title='bbox 1058 1382 1174 1420; x_wconf 84' lang='lat' dir='ltr'>seque</span> <span class='ocrx_word' id='word_1_108' title='bbox 1198 1379 1354 1419; x_wconf 77' lang='lat' dir='ltr'><strong>remque</strong></span> 
     </span>
     <span class='ocr_line' id='line_1_17' title="bbox 243 1437 1353 1490; baseline -0.001 -11"><span class='ocrx_word' id='word_1_109' title='bbox 243 1441 427 1490; x_wconf 84' lang='lat' dir='ltr'>publicam</span> <span class='ocrx_word' id='word_1_110' title='bbox 455 1440 655 1478; x_wconf 67' lang='lat' dir='ltr'>curab¹ant&#39;&#39;</span> <span class='ocrx_word' id='word_1_111' title='bbox 684 1441 765 1489; x_wconf 60' lang='grc' dir='ltr'>(α).</span> <span class='ocrx_word' id='word_1_112' title='bbox 820 1437 960 1479; x_wconf 79' lang='lat' dir='ltr'>ornate</span> <span class='ocrx_word' id='word_1_113' title='bbox 994 1440 1166 1489; x_wconf 89' lang='lat' dir='ltr'>profecto</span> <span class='ocrx_word' id='word_1_114' title='bbox 1202 1438 1353 1480; x_wconf 82' lang='lat' dir='ltr'>diserte—</span> 
     </span>
     <span class='ocr_line' id='line_1_18' title="bbox 246 1508 1352 1562; baseline 0.004 -16"><span class='ocrx_word' id='word_1_115' title='bbox 246 1523 318 1558; x_wconf 86' lang='lat' dir='ltr'>que</span> <span class='ocrx_word' id='word_1_116' title='bbox 346 1512 433 1549; x_wconf 83' lang='lat' dir='ltr'>haec</span> <span class='ocrx_word' id='word_1_117' title='bbox 459 1510 720 1558; x_wconf 80' lang='lat' dir='ltr'>pronunciavit</span> <span class='ocrx_word' id='word_1_118' title='bbox 746 1510 923 1549; x_wconf 75' lang='lat' dir='ltr'>Romand</span> <span class='ocrx_word' id='word_1_119' title='bbox 942 1513 1088 1562; x_wconf 80' lang='lat' dir='ltr'>primus</span> <span class='ocrx_word' id='word_1_120' title='bbox 1112 1514 1153 1548; x_wconf 83' lang='lat' dir='ltr'>in</span> <span class='ocrx_word' id='word_1_121' title='bbox 1175 1508 1352 1551; x_wconf 68' lang='lat' dir='ltr'>histor‘id.</span> 
     </span>
     <span class='ocr_line' id='line_1_19' title="bbox 245 1577 1352 1629; baseline -0.001 -10"><span class='ocrx_word' id='word_1_122' title='bbox 245 1577 428 1628; x_wconf 69' lang='lat' dir='ltr'>E‘quidem</span> <span class='ocrx_word' id='word_1_123' title='bbox 458 1582 562 1629; x_wconf 73' lang='lat' dir='ltr'>plura</span> <span class='ocrx_word' id='word_1_124' title='bbox 589 1580 632 1617; x_wconf 82' lang='lat' dir='ltr'>iis</span> <span class='ocrx_word' id='word_1_125' title='bbox 659 1581 792 1617; x_wconf 82' lang='lat' dir='ltr'><strong>addere</strong></span> <span class='ocrx_word' id='word_1_126' title='bbox 817 1592 922 1628; x_wconf 83' lang='lat' dir='ltr'>aegre</span> <span class='ocrx_word' id='word_1_127' title='bbox 949 1590 983 1617; x_wconf 86' lang='lat' dir='ltr'>ct</span> <span class='ocrx_word' id='word_1_128' title='bbox 1010 1591 1165 1628; x_wconf 83' lang='lat' dir='ltr'>possum</span> <span class='ocrx_word' id='word_1_129' title='bbox 1186 1589 1222 1618; x_wconf 90' lang='lat' dir='ltr'>et</span> <span class='ocrx_word' id='word_1_130' title='bbox 1246 1581 1352 1618; x_wconf 84' lang='lat' dir='ltr'>volo.</span> 
     </span>
     <span class='ocr_line' id='line_1_20' title="bbox 243 1646 1348 1698; baseline -0.001 -9"><span class='ocrx_word' id='word_1_131' title='bbox 243 1649 321 1689; x_wconf 80' lang='lat' dir='ltr'>Res</span> <span class='ocrx_word' id='word_1_132' title='bbox 361 1659 425 1698; x_wconf 72' lang='lat' dir='ltr'>per</span> <span class='ocrx_word' id='word_1_133' title='bbox 463 1662 502 1687; x_wconf 87' lang='lat' dir='ltr'>se</span> <span class='ocrx_word' id='word_1_134' title='bbox 541 1650 628 1687; x_wconf 81' lang='lat' dir='ltr'>satis</span> <span class='ocrx_word' id='word_1_135' title='bbox 667 1649 899 1697; x_wconf 76' lang='lat' dir='ltr'>intelligitur.</span> <span class='ocrx_word' id='word_1_136' title='bbox 972 1646 1049 1688; x_wconf 86' lang='lat' dir='ltr'>Hac</span> <span class='ocrx_word' id='word_1_137' title='bbox 1089 1650 1168 1698; x_wconf 81' lang='lat' dir='ltr'>ipsa</span> <span class='ocrx_word' id='word_1_138' title='bbox 1205 1660 1348 1688; x_wconf 87' lang='lat' dir='ltr'>morum</span> 
     </span>
     <span class='ocr_line' id='line_1_21' title="bbox 243 1720 1349 1770; baseline 0 -13"><span class='ocrx_word' id='word_1_139' title='bbox 243 1722 427 1770; x_wconf 77' lang='lat' dir='ltr'>probitate</span> <span class='ocrx_word' id='word_1_140' title='bbox 462 1720 630 1767; x_wconf 81' lang='lat' dir='ltr'>factum,</span> <span class='ocrx_word' id='word_1_141' title='bbox 670 1729 709 1756; x_wconf 87' lang='lat' dir='ltr'>ut</span> <span class='ocrx_word' id='word_1_142' title='bbox 745 1732 827 1757; x_wconf 84' lang='lat' dir='ltr'>cum</span> <span class='ocrx_word' id='word_1_143' title='bbox 866 1721 963 1768; x_wconf 84' lang='lat' dir='ltr'>leges</span> <span class='ocrx_word' id='word_1_144' title='bbox 1000 1720 1238 1758; x_wconf 82' lang='lat' dir='ltr'>observarent</span> <span class='ocrx_word' id='word_1_145' title='bbox 1269 1728 1349 1758; x_wconf 87' lang='lat' dir='ltr'>tum</span> 
     </span>
     <span class='ocr_line' id='line_1_22' title="bbox 242 1789 1351 1838; baseline 0.002 -11"><span class='ocrx_word' id='word_1_146' title='bbox 242 1790 445 1828; x_wconf 81' lang='lat' dir='ltr'>libertatem</span> <span class='ocrx_word' id='word_1_147' title='bbox 481 1790 677 1827; x_wconf 80' lang='lat' dir='ltr'>retinerent</span> <span class='ocrx_word' id='word_1_148' title='bbox 716 1789 891 1828; x_wconf 78' lang='lat' dir='ltr'>Romani.</span> <span class='ocrx_word' id='word_1_149' title='bbox 956 1790 1026 1827; x_wconf 85' lang='lat' dir='ltr'>Vir</span> <span class='ocrx_word' id='word_1_150' title='bbox 1056 1790 1151 1827; x_wconf 88' lang='lat' dir='ltr'>enim</span> <span class='ocrx_word' id='word_1_151' title='bbox 1179 1790 1351 1838; x_wconf 84' lang='lat' dir='ltr'>probus,</span> 
     </span>
     <span class='ocr_line' id='line_1_23' title="bbox 245 1859 1351 1908; baseline -0.001 -10"><span class='ocrx_word' id='word_1_152' title='bbox 245 1861 345 1908; x_wconf 86' lang='lat' dir='ltr'>quod</span> <span class='ocrx_word' id='word_1_153' title='bbox 371 1861 517 1908; x_wconf 82' lang='lat' dir='ltr'>saepius</span> <span class='ocrx_word' id='word_1_154' title='bbox 544 1859 750 1905; x_wconf 84' lang='lat' dir='ltr'>inculcavi,</span> <span class='ocrx_word' id='word_1_155' title='bbox 786 1861 905 1908; x_wconf 83' lang='lat' dir='ltr'>legum</span> <span class='ocrx_word' id='word_1_156' title='bbox 934 1862 1148 1901; x_wconf 71' lang='grc' dir='ltr'><em>ἐθελόδοῡλον</em></span> <span class='ocrx_word' id='word_1_157' title='bbox 1171 1870 1252 1898; x_wconf 89' lang='lat' dir='ltr'>esse</span> <span class='ocrx_word' id='word_1_158' title='bbox 1276 1870 1351 1898; x_wconf 85' lang='lat' dir='ltr'>non</span> 
     </span>
     <span class='ocr_line' id='line_1_24' title="bbox 243 1919 1349 1978; baseline 0.001 -11"><span class='ocrx_word' id='word_1_159' title='bbox 243 1938 384 1967; x_wconf 74' lang='lat' dir='ltr'>tantum</span> <span class='ocrx_word' id='word_1_160' title='bbox 423 1940 498 1967; x_wconf 89' lang='lat' dir='ltr'>non</span> <span class='ocrx_word' id='word_1_161' title='bbox 546 1919 722 1978; x_wconf 72' lang='lat' dir='ltr'>negabit,</span> <span class='ocrx_word' id='word_1_162' title='bbox 768 1931 830 1967; x_wconf 80' lang='lat' dir='ltr'>scd</span> <span class='ocrx_word' id='word_1_163' title='bbox 873 1939 954 1966; x_wconf 84' lang='lat' dir='ltr'>toto</span> <span class='ocrx_word' id='word_1_164' title='bbox 990 1931 1113 1967; x_wconf 83' lang='lat' dir='ltr'>animo</span> <span class='ocrx_word' id='word_1_165' title='bbox 1156 1930 1349 1976; x_wconf 86' lang='lat' dir='ltr'>studebit,</span> 
     </span>
     <span class='ocr_line' id='line_1_25' title="bbox 243 1998 1348 2046; baseline 0.003 -11"><span class='ocrx_word' id='word_1_166' title='bbox 243 2011 354 2045; x_wconf 79' lang='lat' dir='ltr'>quum</span> <span class='ocrx_word' id='word_1_167' title='bbox 396 1999 469 2035; x_wconf 76' lang='lat' dir='ltr'>hoc</span> <span class='ocrx_word' id='word_1_168' title='bbox 519 1998 587 2036; x_wconf 77' lang='lat' dir='ltr'>sibi</span> <span class='ocrx_word' id='word_1_169' title='bbox 636 1999 876 2046; x_wconf 72' lang='lat' dir='ltr'>persuaserit,</span> <span class='ocrx_word' id='word_1_170' title='bbox 922 1999 1018 2036; x_wconf 81' lang='lat' dir='ltr'>haud</span> <span class='ocrx_word' id='word_1_171' title='bbox 1061 2002 1201 2037; x_wconf 73' lang='lat' dir='ltr'>exsta‘re</span> <span class='ocrx_word' id='word_1_172' title='bbox 1237 2001 1348 2038; x_wconf 81' lang='lat' dir='ltr'>ullam</span> 
     </span>
     <span class='ocr_line' id='line_1_26' title="bbox 240 2068 1347 2118; baseline 0.002 -13"><span class='ocrx_word' id='word_1_173' title='bbox 240 2071 318 2106; x_wconf 75' lang='lat' dir='ltr'>sinc</span> <span class='ocrx_word' id='word_1_174' title='bbox 353 2068 493 2116; x_wconf 75' lang='lat' dir='ltr'>justitia</span> <span class='ocrx_word' id='word_1_175' title='bbox 531 2078 565 2105; x_wconf 84' lang='lat' dir='ltr'>ct</span> <span class='ocrx_word' id='word_1_176' title='bbox 601 2069 799 2106; x_wconf 83' lang='lat' dir='ltr'>concordia</span> <span class='ocrx_word' id='word_1_177' title='bbox 844 2069 1026 2105; x_wconf 77' lang='lat' dir='ltr'>civitatem</span> <span class='ocrx_word' id='word_1_178' title='bbox 1069 2080 1208 2116; x_wconf 78' lang='lat' dir='ltr'>posse,</span> <span class='ocrx_word' id='word_1_179' title='bbox 1249 2069 1347 2118; x_wconf 87' lang='lat' dir='ltr'>leges</span> 
     </span>
     <span class='ocr_line' id='line_1_27' title="bbox 240 2137 1346 2186; baseline 0.005 -13"><span class='ocrx_word' id='word_1_180' title='bbox 240 2139 390 2175; x_wconf 75' lang='lat' dir='ltr'>unicum</span> <span class='ocrx_word' id='word_1_181' title='bbox 427 2146 460 2174; x_wconf 81' lang='lat' dir='ltr'>et</span> <span class='ocrx_word' id='word_1_182' title='bbox 501 2137 749 2174; x_wconf 64' lang='lat' dir='ltr'>firmissimum</span> <span class='ocrx_word' id='word_1_183' title='bbox 790 2138 868 2186; x_wconf 78' lang='lat' dir='ltr'>ejus</span> <span class='ocrx_word' id='word_1_184' title='bbox 908 2150 988 2175; x_wconf 78' lang='lat' dir='ltr'>csse</span> <span class='ocrx_word' id='word_1_185' title='bbox 1023 2139 1226 2177; x_wconf 75' lang='lat' dir='ltr'>vinculum.</span> <span class='ocrx_word' id='word_1_186' title='bbox 1293 2139 1346 2178; x_wconf 82' lang='lat' dir='ltr'>lta</span> 
     </span>
     <span class='ocr_line' id='line_1_28' title="bbox 239 2207 1344 2256; baseline 0.003 -12"><span class='ocrx_word' id='word_1_187' title='bbox 239 2208 492 2246; x_wconf 53' lang='lat' dir='ltr'>existimarunt</span> <span class='ocrx_word' id='word_1_188' title='bbox 519 2216 552 2243; x_wconf 79' lang='lat' dir='ltr'>ct</span> <span class='ocrx_word' id='word_1_189' title='bbox 582 2217 669 2244; x_wconf 82' lang='lat' dir='ltr'>vero</span> <span class='ocrx_word' id='word_1_190' title='bbox 698 2217 849 2254; x_wconf 69' lang='lat' dir='ltr'>egerunt</span> <span class='ocrx_word' id='word_1_191' title='bbox 877 2209 987 2255; x_wconf 61' lang='lat' dir='ltr'>psisci</span> <span class='ocrx_word' id='word_1_192' title='bbox 1012 2207 1185 2245; x_wconf 83' lang='lat' dir='ltr'>Romani.</span> <span class='ocrx_word' id='word_1_193' title='bbox 1222 2207 1344 2256; x_wconf 73' lang='lat' dir='ltr'>Nam,</span> 
     </span>
    </p>

    <p class='ocr_par' dir='ltr' id='par_1_3' title="bbox 1304 2286 1346 2314">
     <span class='ocr_line' id='line_1_29' title="bbox 1304 2286 1346 2314; baseline 0 0"><span class='ocrx_word' id='word_1_194' title='bbox 1304 2286 1346 2314; x_wconf 89' lang='lat' dir='ltr'>ut</span> 
     </span>
    </p>
   </div>
   <div class='ocr_carea' id='block_1_3' title="bbox 278 2337 702 2434">
    <p class='ocr_par' dir='ltr' id='par_1_4' title="bbox 278 2337 702 2434">
     <span class='ocr_line' id='line_1_30' title="bbox 280 2337 672 2380; baseline -0.01 -8"><span class='ocrx_word' id='word_1_195' title='bbox 280 2342 328 2380; x_wconf 72' lang='grc' dir='ltr'>(ι)</span> <span class='ocrx_word' id='word_1_196' title='bbox 353 2339 466 2377; x_wconf 66' lang='lat' dir='ltr'>Polyb.</span> <span class='ocrx_word' id='word_1_197' title='bbox 490 2339 511 2369; x_wconf 89' lang='grc' dir='ltr'>Ι.</span> <span class='ocrx_word' id='word_1_198' title='bbox 533 2337 552 2368; x_wconf 90' lang='lat' dir='ltr'>l.</span> <span class='ocrx_word' id='word_1_199' title='bbox 575 2349 601 2367; x_wconf 79' lang='lat' dir='ltr'>c.</span> <span class='ocrx_word' id='word_1_200' title='bbox 624 2339 672 2368; x_wconf 83' lang='grc' dir='ltr'>5ο.</span> 
     </span>
     <span class='ocr_line' id='line_1_31' title="bbox 278 2393 702 2434; baseline -0.014 -9"><span class='ocrx_word' id='word_1_201' title='bbox 278 2397 324 2434; x_wconf 68' lang='lat' dir='ltr'>(a)</span> <span class='ocrx_word' id='word_1_202' title='bbox 351 2393 480 2422; x_wconf 63' lang='lat' dir='ltr'>Sallust.</span> <span class='ocrx_word' id='word_1_203' title='bbox 505 2396 544 2420; x_wconf 67' lang='lat' dir='ltr'>fl.</span> <span class='ocrx_word' id='word_1_204' title='bbox 571 2396 603 2420; x_wconf 73' lang='lat' dir='ltr'>C.</span> <span class='ocrx_word' id='word_1_205' title='bbox 626 2402 650 2420; x_wconf 75' lang='lat' dir='ltr'>c..</span> <span class='ocrx_word' id='word_1_206' title='bbox 675 2402 702 2430; x_wconf 67' lang='grc' dir='ltr'>ι),</span> 
     </span>
    </p>
   </div>
  </div>
 </body>
</html>
