1492 2896
432 266 807 311 onA‘mo.
1117 249 1177 305 277

92 399 306 457 *²Verum,
339 410 382 447 'ut
412 416 545 446 novos
574 401 654 445 hos
685 399 841 443 amicos
871 410 988 441 meos
1017 393 1177 440 lubenti

72 481 218 527 ahimo'
243 480 511 540 compellavi,
543 479 601 523 ita
631 492 704 522 vos
733 475 904 520 mihi‘in
933 472 1081 534 primis
1103 485 1177 517 sa-

72 559 232 604 lutandi
260 557 381 611 estis,
409 564 569 601 veteres
595 554 716 599 amici
745 544 785 597 el
811 552 1001 604 sodales,
1029 549 1181 608 quibus

75 635 151 695 eg'o
188 636 347 694 juvenis
385 634 480 679 olim
524 647 573 677 ac
613 633 785 676 florente
825 636 983 680 aetate,
1021 627 1064 670 in
1104 627 1186 670 hac

75 713 289 759 Musarum
314 712 440 764 sede,
469 709 699 755 studiorum
729 706 836 752 v‘iam
865 704 1034 765 praeivi.
1089 702 1187 761 Quo

75 805 150 836 vos
175 788 266 835 sitis
287 795 492 849 perpetuo
513 787 558 830 in
581 787 716 830 bonas
733 785 873 828 literas
892 780 1188 836 doctrinasque

77 866 214 914 siudio
240 875 281 913 et
305 866 483 920 ardore,
509 855 1037 920 hodiernusdies'probat.
1080 857 1189 901 Nam

80 953 143 991 tot
183 946 266 990 huc
305 942 517 1003 congressi
556 957 606 986 ex
645 939 839 984 omnibus
879 936 1040 997 patriae
1060 934 1193 979 v‘terris

81 1023 181 1068 estis
197 1043 215 1076 ,·
239 1029 284 1065 ut
310 1034 527 1064 numerum
552 1019 624 1062 vix'
646 1016 786 1076 capiat
816 1013 1014 1073 templum
1046 1012 1192 1055 hocce,

83 1098 301 1145 Habebitis
337 1111 411 1142 vos
450 1104 611 1147 autem,
654 1107 739 1150 quo
779 1091 844 1135 his
886 1088 1000 1135 festis
1037 1087 1196 1132 'diebus

83 1177 205 1236 genio
225 1174 488 1233 indulgeatis.
534 1169 820 1217 Desideraturi
835 1182 997 1214 mecum
1013 1199 1024 1220 ,
1037 1166 1197 1218 satem,

83 1255 305 1300 nonnullos
330 1252 599 1297 Professores
614 1281 625 1301 ‚
658 1247 910 1309 complures
928 1244 1051 1288 etiam
1076 1255 1200 1287 com-

87 1332 294 1376 militones
335 1329 459 1382 estis,
498 1333 631 1371 morte
671 1325 796 1370 eheu!
842 1331 1044 1379 utrosque
1076 1320 1200 1364 nobis

90 1417 283 1470 ereptos3
320 1407 392 1452 sed
422 1420 472 1451 eo
502 1405 620 1449 vohis
652 1402 808 1461 gratius
841 1401 948 1453 erit,
985 1392 1079 1443 cum
1110 1399 1201 1442 loca

91 1488 207 1532 adire
246 1484 370 1542 atque
404 1483 609 1531 invisere,
650 1480 802 1538 quihus
842 1479 996 1522 docere
1038 1476 1119 1529 illi,
1159 1475 1205 1519 hi

93 1572 228 1608 autem
263 1562 478 1607 vobiscum
520 1559 681 1603 discere
722 1556 943 1609 solebant,
984 1562 1072 1598 tum
1104 1568 1205 1597 vero

95 1640 356 1685 confabulari
376 1638 427 1682 de
446 1638 592 1682 iisdem
611 1637 721 1679 inter
739 1649 815 1679 vos
829 1666 841 1687 ‚
864 1640 1081 1689 totamque
1094 1628 1206 1675 illam

95 1717 233 1762 animo
257 1717 441 1761 recolere
465 1713 753 1759 suavissimam
784 1711 889 1755 vitae
912 1717 1089 1754 aetatem
1105 1723 1122 1761 ,’
1139 1708 1210 1752 fa·-

96 1795 380 1847 miliaritates,
410 1806 686 1850 congressus,
719 1803 958 1840 sermones,
999 1784 1208 1838 convivia,

99 1871 205 1916 seria
239 1879 280 1915 et
314 1871 408 1928 joca
440 1898 494 1905 —-
530 1868 613 1912 hoc
649 1866 775 1926 igitur
812 1866 934 1909 vobis
970 1865 1113 1922 longe·
1135 1862 1213 1907 erit

100 1947 395 2008 gratissimum·
450 1941 658 1990 Fruimini
687 1958 761 1988 vos
787 1943 951 2003 placide
968 1974 980 1995 ,
1007 1940 1213 1986 amicissi-

102 2025 159 2068 mi
187 2022 286 2076 viri,
316 2022 498 2079 jucunda
521 2021 604 2064 hac
627 2019 950 2080 praeteritorum
977 2026 1213 2078 temporum

100 2095 416 2150 ieco'rdationffi
457 2112 524 2142 me
556 2105 694 2142 autem
725 2096 935 2141 habebitis
967 2088 1214 2154 ceterosque

103 2172 300 2222 doctores
320 2185 482 2221 vestros
497 2175 582 2229 ,⁵ut
605 2174 703 2218 olim
731 2174 962 2219 studiorum
980 2206 992 2228 ‚
1019 2174 1076 2217 ita
1104 2187 1215 2217 nunc

102 2256 276 2302 laetitiae
303 2240 605 2310 hilar-statisque
631 2251 783 2298 socios.
825 2254 837 2269 ⁵
1060 2241 1062 2244 ’

620 2358 698 2366 -κ
