<?xml version="1.0" encoding="UTF-8"?>
<!DOCTYPE html PUBLIC "-//W3C//DTD XHTML 1.0 Transitional//EN"
    "http://www.w3.org/TR/xhtml1/DTD/xhtml1-transitional.dtd">
<html xmlns="http://www.w3.org/1999/xhtml" xml:lang="en" lang="en">
 <head>
  <title>
</title>
<meta http-equiv="Content-Type" content="text/html;charset=utf-8" />
  <meta name='ocr-system' content='tesseract 3.04.00' />
  <meta name='ocr-capabilities' content='ocr_page ocr_carea ocr_par ocr_line ocrx_word'/>
</head>
<body>
  <div class='ocr_page' id='page_1' title='image "annalesacademiae36acad_0424.png"; bbox 0 0 1492 2896; ppageno 0'>
   <div class='ocr_carea' id='block_1_1' title="bbox 253 248 965 299">
    <p class='ocr_par' dir='ltr' id='par_1_1' title="bbox 253 248 965 299">
     <span class='ocr_line' id='line_1_1' title="bbox 253 248 965 299; baseline 0.006 -14"><span class='ocrx_word' id='word_1_1' title='bbox 253 249 298 285; x_wconf 81' lang='grc'>88</span> <span class='ocrx_word' id='word_1_2' title='bbox 645 248 910 299; x_wconf 84' lang='lat' dir='ltr'>DISQUISIT</span> <span class='ocrx_word' id='word_1_3' title='bbox 913 250 965 289; x_wconf 88' lang='lat'>10</span> 
     </span>
    </p>
   </div>
   <div class='ocr_carea' id='block_1_2' title="bbox 257 354 1370 823">
    <p class='ocr_par' dir='ltr' id='par_1_2' title="bbox 257 354 1370 823">
     <span class='ocr_line' id='line_1_2' title="bbox 307 354 1362 403; baseline 0.002 -9"><span class='ocrx_word' id='word_1_4' title='bbox 307 354 478 403; x_wconf 81' lang='lat' dir='ltr'>Exposui</span> <span class='ocrx_word' id='word_1_5' title='bbox 505 356 592 394; x_wconf 81' lang='lat' dir='ltr'>haec</span> <span class='ocrx_word' id='word_1_6' title='bbox 618 365 799 402; x_wconf 84' lang='lat' dir='ltr'>quatenus</span> <span class='ocrx_word' id='word_1_7' title='bbox 819 358 856 395; x_wconf 88' lang='lat' dir='ltr'>id</span> <span class='ocrx_word' id='word_1_8' title='bbox 881 359 1023 396; x_wconf 81' lang='lat' dir='ltr'>sinebat</span> <span class='ocrx_word' id='word_1_9' title='bbox 1050 360 1178 397; x_wconf 84' lang='lat' dir='ltr'>virium</span> <span class='ocrx_word' id='word_1_10' title='bbox 1201 371 1362 398; x_wconf 84' lang='lat' dir='ltr'>mearum</span> 
     </span>
     <span class='ocr_line' id='line_1_3' title="bbox 257 424 1364 477; baseline 0.004 -15"><span class='ocrx_word' id='word_1_11' title='bbox 257 424 504 462; x_wconf 84' lang='lat' dir='ltr'><strong>imbecillitas.</strong></span> <span class='ocrx_word' id='word_1_12' title='bbox 550 425 716 463; x_wconf 64' lang='lat' dir='ltr'>&#39;Plurima</span> <span class='ocrx_word' id='word_1_13' title='bbox 743 426 901 465; x_wconf 79' lang='lat' dir='ltr'>sortasse</span> <span class='ocrx_word' id='word_1_14' title='bbox 936 429 1055 466; x_wconf 78' lang='lat' dir='ltr'>levius</span> <span class='ocrx_word' id='word_1_15' title='bbox 1082 428 1265 477; x_wconf 80' lang='lat' dir='ltr'>attiger03</span> <span class='ocrx_word' id='word_1_16' title='bbox 1299 429 1364 466; x_wconf 86' lang='lat' dir='ltr'>sed</span> 
     </span>
     <span class='ocr_line' id='line_1_4' title="bbox 257 495 1363 547; baseline 0.002 -17"><span class='ocrx_word' id='word_1_17' title='bbox 257 495 472 542; x_wconf 79' lang='lat' dir='ltr'>theologum</span> <span class='ocrx_word' id='word_1_18' title='bbox 505 506 563 532; x_wconf 88' lang='lat' dir='ltr'>me</span> <span class='ocrx_word' id='word_1_19' title='bbox 593 506 824 543; x_wconf 82' lang='lat' dir='ltr'>nequaquam</span> <span class='ocrx_word' id='word_1_20' title='bbox 858 497 1050 544; x_wconf 74' lang='lat' dir='ltr'>profiteor.</span> <span class='ocrx_word' id='word_1_21' title='bbox 1112 499 1215 547; x_wconf 79' lang='lat' dir='ltr'>Quae</span> <span class='ocrx_word' id='word_1_22' title='bbox 1243 506 1363 536; x_wconf 81' lang='lat' dir='ltr'>autem</span> 
     </span>
     <span class='ocr_line' id='line_1_5' title="bbox 258 563 1367 614; baseline 0.005 -14"><span class='ocrx_word' id='word_1_23' title='bbox 258 564 365 607; x_wconf 73' lang='lat' dir='ltr'><strong>attuli</strong></span> <span class='ocrx_word' id='word_1_24' title='bbox 396 563 561 602; x_wconf 83' lang='lat' dir='ltr'>sufficere</span> <span class='ocrx_word' id='word_1_25' title='bbox 593 565 764 602; x_wconf 82' lang='lat' dir='ltr'>videntur</span> <span class='ocrx_word' id='word_1_26' title='bbox 796 567 840 602; x_wconf 82' lang='lat' dir='ltr'>ad</span> <span class='ocrx_word' id='word_1_27' title='bbox 871 575 1063 614; x_wconf 84' lang='lat' dir='ltr'>utramque</span> <span class='ocrx_word' id='word_1_28' title='bbox 1088 578 1171 604; x_wconf 89' lang='lat' dir='ltr'>cum</span> <span class='ocrx_word' id='word_1_29' title='bbox 1195 567 1367 614; x_wconf 80' lang='lat' dir='ltr'>antiquo·</span> 
     </span>
     <span class='ocr_line' id='line_1_6' title="bbox 259 634 1365 684; baseline 0.003 -15"><span class='ocrx_word' id='word_1_30' title='bbox 259 644 340 670; x_wconf 88' lang='lat' dir='ltr'>rum</span> <span class='ocrx_word' id='word_1_31' title='bbox 375 642 452 670; x_wconf 87' lang='lat' dir='ltr'>tum</span> <span class='ocrx_word' id='word_1_32' title='bbox 487 634 731 672; x_wconf 82' lang='lat' dir='ltr'>recentiorum</span> <span class='ocrx_word' id='word_1_33' title='bbox 768 637 1060 684; x_wconf 84' lang='lat' dir='ltr'>cognoscendam</span> <span class='ocrx_word' id='word_1_34' title='bbox 1088 637 1235 674; x_wconf 83' lang='lat' dir='ltr'><strong>moralis</strong></span> <span class='ocrx_word' id='word_1_35' title='bbox 1257 635 1365 673; x_wconf 85' lang='lat' dir='ltr'><strong>liber·</strong></span> 
     </span>
     <span class='ocr_line' id='line_1_7' title="bbox 259 702 1368 754; baseline 0.002 -15"><span class='ocrx_word' id='word_1_36' title='bbox 259 703 345 740; x_wconf 87' lang='lat' dir='ltr'><strong>tatis</strong></span> <span class='ocrx_word' id='word_1_37' title='bbox 385 702 624 742; x_wconf 82' lang='lat' dir='ltr'>vindicandae</span> <span class='ocrx_word' id='word_1_38' title='bbox 663 705 839 742; x_wconf 86' lang='lat' dir='ltr'>rationem</span> <span class='ocrx_word' id='word_1_39' title='bbox 879 714 915 742; x_wconf 84' lang='lat' dir='ltr'>et</span> <span class='ocrx_word' id='word_1_40' title='bbox 953 706 1061 743; x_wconf 85' lang='lat' dir='ltr'><strong>viam.</strong></span> <span class='ocrx_word' id='word_1_41' title='bbox 1130 704 1368 754; x_wconf 85' lang='lat' dir='ltr'><strong>Quapropter</strong></span> 
     </span>
     <span class='ocr_line' id='line_1_8' title="bbox 257 772 1370 823; baseline 0 -13"><span class='ocrx_word' id='word_1_42' title='bbox 257 773 361 810; x_wconf 82' lang='lat' dir='ltr'>hisce</span> <span class='ocrx_word' id='word_1_43' title='bbox 396 772 468 810; x_wconf 86' lang='lat' dir='ltr'>fine</span> <span class='ocrx_word' id='word_1_44' title='bbox 505 773 707 821; x_wconf 78' lang='lat' dir='ltr'><strong>imposito,</strong></span> <span class='ocrx_word' id='word_1_45' title='bbox 741 775 1000 823; x_wconf 84' lang='lat' dir='ltr'>inquirendum</span> <span class='ocrx_word' id='word_1_46' title='bbox 1040 774 1230 821; x_wconf 85' lang='lat' dir='ltr'>quomodo</span> <span class='ocrx_word' id='word_1_47' title='bbox 1253 775 1296 810; x_wconf 80' lang='lat' dir='ltr'>in</span> <span class='ocrx_word' id='word_1_48' title='bbox 1318 775 1370 811; x_wconf 84' lang='lat' dir='ltr'>ci-</span> 
     </span>
    </p>
   </div>
   <div class='ocr_carea' id='block_1_3' title="bbox 257 840 1367 951">
    <p class='ocr_par' dir='ltr' id='par_1_3' title="bbox 257 840 1367 951">
     <span class='ocr_line' id='line_1_9' title="bbox 257 840 1367 891; baseline 0 -10"><span class='ocrx_word' id='word_1_49' title='bbox 257 840 377 881; x_wconf 69' lang='lat' dir='ltr'>vitate</span> <span class='ocrx_word' id='word_1_50' title='bbox 402 843 542 880; x_wconf 89' lang='lat' dir='ltr'><strong>homini</strong></span> <span class='ocrx_word' id='word_1_51' title='bbox 562 844 622 881; x_wconf 88' lang='lat' dir='ltr'><strong>illa</strong></span> <span class='ocrx_word' id='word_1_52' title='bbox 642 844 819 882; x_wconf 86' lang='lat' dir='ltr'><strong>vindicari</strong></span> <span class='ocrx_word' id='word_1_53' title='bbox 845 845 961 883; x_wconf 79' lang='lat' dir='ltr'>soleat</span> <span class='ocrx_word' id='word_1_54' title='bbox 990 854 1025 882; x_wconf 90' lang='lat' dir='ltr'>et</span> <span class='ocrx_word' id='word_1_55' title='bbox 1053 844 1260 891; x_wconf 84' lang='lat' dir='ltr'>antiquitus</span> <span class='ocrx_word' id='word_1_56' title='bbox 1286 843 1367 882; x_wconf 87' lang='lat' dir='ltr'><strong>vin-</strong></span> 
     </span>
     <span class='ocr_line' id='line_1_10' title="bbox 260 910 530 951; baseline 0.011 -4"><span class='ocrx_word' id='word_1_57' title='bbox 260 911 379 951; x_wconf 60' lang='lat' dir='ltr'><strong>dicata</strong></span> <span class='ocrx_word' id='word_1_58' title='bbox 405 910 530 950; x_wconf 81' lang='lat' dir='ltr'>fuerit.</span> 
     </span>
    </p>
   </div>
   <div class='ocr_carea' id='block_1_4' title="bbox 760 1055 872 1101">
    <p class='ocr_par' dir='ltr' id='par_1_4' title="bbox 760 1055 872 1101">
     <span class='ocr_line' id='line_1_11' title="bbox 760 1055 872 1101; baseline 0.009 -11"><span class='ocrx_word' id='word_1_59' title='bbox 760 1055 797 1100; x_wconf 58' lang='grc' dir='ltr'>Β.</span> <span class='ocrx_word' id='word_1_60' title='bbox 838 1066 872 1101; x_wconf 84' lang='lat'>3.</span> 
     </span>
    </p>
   </div>
   <div class='ocr_carea' id='block_1_5' title="bbox 330 1188 1306 1240">
    <p class='ocr_par' dir='ltr' id='par_1_5' title="bbox 330 1188 1306 1240">
     <span class='ocr_line' id='line_1_12' title="bbox 330 1188 1306 1240; baseline 0.007 -16"><span class='ocrx_word' id='word_1_61' title='bbox 330 1188 386 1225; x_wconf 68' lang='lat' dir='ltr'>De</span> <span class='ocrx_word' id='word_1_62' title='bbox 411 1191 556 1227; x_wconf 73' lang='lat' dir='ltr'>ratione</span> <span class='ocrx_word' id='word_1_63' title='bbox 584 1203 658 1240; x_wconf 73' lang='lat' dir='ltr'>qua</span> <span class='ocrx_word' id='word_1_64' title='bbox 684 1191 901 1229; x_wconf 69' lang='lat' dir='ltr'>vindicatur</span> <span class='ocrx_word' id='word_1_65' title='bbox 927 1194 1063 1231; x_wconf 75' lang='lat' dir='ltr'>homini</span> <span class='ocrx_word' id='word_1_66' title='bbox 1090 1194 1127 1231; x_wconf 86' lang='lat' dir='ltr'>in</span> <span class='ocrx_word' id='word_1_67' title='bbox 1158 1193 1306 1231; x_wconf 86' lang='lat' dir='ltr'>civitate</span> 
     </span>
    </p>
   </div>
   <div class='ocr_carea' id='block_1_6' title="bbox 734 1267 900 1306">
    <p class='ocr_par' dir='ltr' id='par_1_6' title="bbox 734 1267 900 1306">
     <span class='ocr_line' id='line_1_13' title="bbox 734 1267 900 1306; baseline 0.012 -2"><span class='ocrx_word' id='word_1_68' title='bbox 734 1267 900 1306; x_wconf 65' lang='lat' dir='ltr'>libertas.</span> 
     </span>
    </p>
   </div>
   <div class='ocr_carea' id='block_1_7' title="bbox 262 1419 1380 2168">
    <p class='ocr_par' dir='ltr' id='par_1_7' title="bbox 262 1419 1380 2168">
     <span class='ocr_line' id='line_1_14' title="bbox 315 1419 1374 1471; baseline 0.005 -15"><span class='ocrx_word' id='word_1_69' title='bbox 315 1419 422 1457; x_wconf 85' lang='lat' dir='ltr'><strong>Dicat</strong></span> <span class='ocrx_word' id='word_1_70' title='bbox 459 1420 619 1457; x_wconf 80' lang='lat' dir='ltr'>fortasse</span> <span class='ocrx_word' id='word_1_71' title='bbox 659 1421 821 1468; x_wconf 87' lang='lat' dir='ltr'>aliquis:</span> <span class='ocrx_word' id='word_1_72' title='bbox 875 1422 1179 1471; x_wconf 81' lang='lat' dir='ltr'>„Unicuiusque</span> <span class='ocrx_word' id='word_1_73' title='bbox 1214 1421 1374 1461; x_wconf 77' lang='lat' dir='ltr'><strong>hominis</strong></span> 
     </span>
     <span class='ocr_line' id='line_1_15' title="bbox 264 1490 1377 1541; baseline 0.004 -15"><span class='ocrx_word' id='word_1_74' title='bbox 264 1499 341 1535; x_wconf 81' lang='lat' dir='ltr'>est,</span> <span class='ocrx_word' id='word_1_75' title='bbox 378 1499 419 1526; x_wconf 84' lang='lat' dir='ltr'>ut</span> <span class='ocrx_word' id='word_1_76' title='bbox 453 1499 641 1537; x_wconf 86' lang='lat' dir='ltr'>comparet</span> <span class='ocrx_word' id='word_1_77' title='bbox 675 1490 747 1527; x_wconf 88' lang='lat' dir='ltr'><strong>sibi</strong></span> <span class='ocrx_word' id='word_1_78' title='bbox 779 1490 982 1529; x_wconf 85' lang='lat' dir='ltr'>libertatem</span> <span class='ocrx_word' id='word_1_79' title='bbox 1012 1494 1216 1541; x_wconf 78' lang='lat' dir='ltr'>morale1n3</span> <span class='ocrx_word' id='word_1_80' title='bbox 1255 1503 1377 1540; x_wconf 83' lang='lat' dir='ltr'>neque</span> 
     </span>
     <span class='ocr_line' id='line_1_16' title="bbox 263 1560 1378 1609; baseline 0.004 -13"><span class='ocrx_word' id='word_1_81' title='bbox 263 1560 376 1608; x_wconf 75' lang='lat' dir='ltr'><strong>igitur</strong></span> <span class='ocrx_word' id='word_1_82' title='bbox 401 1561 513 1609; x_wconf 80' lang='lat' dir='ltr'>hujus</span> <span class='ocrx_word' id='word_1_83' title='bbox 540 1562 577 1597; x_wconf 87' lang='lat' dir='ltr'>in</span> <span class='ocrx_word' id='word_1_84' title='bbox 599 1560 748 1598; x_wconf 80' lang='lat' dir='ltr'>civitate</span> <span class='ocrx_word' id='word_1_85' title='bbox 767 1562 859 1598; x_wconf 85' lang='lat' dir='ltr'><strong>ratio</strong></span> <span class='ocrx_word' id='word_1_86' title='bbox 886 1561 1050 1598; x_wconf 72' lang='lat' dir='ltr'>habenda</span> <span class='ocrx_word' id='word_1_87' title='bbox 1072 1570 1153 1608; x_wconf 87' lang='lat' dir='ltr'>est,</span> <span class='ocrx_word' id='word_1_88' title='bbox 1180 1563 1244 1599; x_wconf 85' lang='lat' dir='ltr'>sed</span> <span class='ocrx_word' id='word_1_89' title='bbox 1267 1562 1378 1600; x_wconf 84' lang='lat' dir='ltr'>unice</span> 
     </span>
     <span class='ocr_line' id='line_1_17' title="bbox 262 1630 1376 1669; baseline 0.002 -2"><span class='ocrx_word' id='word_1_90' title='bbox 262 1630 442 1667; x_wconf 80' lang='lat' dir='ltr'>libertatis</span> <span class='ocrx_word' id='word_1_91' title='bbox 465 1630 630 1667; x_wconf 80' lang='lat' dir='ltr'><strong>civilis.”</strong></span> <span class='ocrx_word' id='word_1_92' title='bbox 674 1631 811 1668; x_wconf 86' lang='lat' dir='ltr'>Verum</span> <span class='ocrx_word' id='word_1_93' title='bbox 829 1631 925 1668; x_wconf 86' lang='lat' dir='ltr'>enim</span> <span class='ocrx_word' id='word_1_94' title='bbox 947 1643 1036 1669; x_wconf 80' lang='lat' dir='ltr'>vero</span> <span class='ocrx_word' id='word_1_95' title='bbox 1060 1631 1140 1668; x_wconf 84' lang='lat' dir='ltr'>sive</span> <span class='ocrx_word' id='word_1_96' title='bbox 1162 1631 1292 1669; x_wconf 86' lang='lat' dir='ltr'><strong>civitas</strong></span> <span class='ocrx_word' id='word_1_97' title='bbox 1310 1643 1376 1669; x_wconf 81' lang='lat' dir='ltr'>seu</span> 
     </span>
     <span class='ocr_line' id='line_1_18' title="bbox 263 1700 1376 1749; baseline 0 -12"><span class='ocrx_word' id='word_1_98' title='bbox 263 1701 321 1746; x_wconf 79' lang='lat' dir='ltr'>is,</span> <span class='ocrx_word' id='word_1_99' title='bbox 357 1701 417 1737; x_wconf 89' lang='lat' dir='ltr'>cui</span> <span class='ocrx_word' id='word_1_100' title='bbox 452 1703 530 1749; x_wconf 74' lang='lat' dir='ltr'>ejus</span> <span class='ocrx_word' id='word_1_101' title='bbox 559 1700 742 1749; x_wconf 80' lang='lat' dir='ltr'>regundae</span> <span class='ocrx_word' id='word_1_102' title='bbox 772 1701 938 1737; x_wconf 79' lang='lat' dir='ltr'>mandata</span> <span class='ocrx_word' id='word_1_103' title='bbox 969 1710 1025 1738; x_wconf 87' lang='lat' dir='ltr'>est</span> <span class='ocrx_word' id='word_1_104' title='bbox 1052 1710 1216 1748; x_wconf 84' lang='lat' dir='ltr'>potestas</span> <span class='ocrx_word' id='word_1_105' title='bbox 1235 1729 1248 1747; x_wconf 89' lang='lat'><em>‚</em></span> <span class='ocrx_word' id='word_1_106' title='bbox 1276 1711 1376 1738; x_wconf 89' lang='lat' dir='ltr'>sum-</span> 
     </span>
     <span class='ocr_line' id='line_1_19' title="bbox 266 1771 1378 1820; baseline 0.002 -14"><span class='ocrx_word' id='word_1_107' title='bbox 266 1782 358 1807; x_wconf 81' lang='lat' dir='ltr'>mam</span> <span class='ocrx_word' id='word_1_108' title='bbox 394 1771 546 1807; x_wconf 79' lang='lat' dir='ltr'>omnino</span> <span class='ocrx_word' id='word_1_109' title='bbox 584 1771 655 1807; x_wconf 88' lang='lat' dir='ltr'>vim</span> <span class='ocrx_word' id='word_1_110' title='bbox 687 1771 821 1807; x_wconf 75' lang='lat' dir='ltr'>habere</span> <span class='ocrx_word' id='word_1_111' title='bbox 857 1772 1042 1817; x_wconf 76' lang='lat' dir='ltr'>putandus</span> <span class='ocrx_word' id='word_1_112' title='bbox 1067 1780 1122 1808; x_wconf 83' lang='lat' dir='ltr'>est</span> <span class='ocrx_word' id='word_1_113' title='bbox 1146 1771 1183 1808; x_wconf 86' lang='lat' dir='ltr'>in</span> <span class='ocrx_word' id='word_1_114' title='bbox 1210 1771 1378 1820; x_wconf 83' lang='lat' dir='ltr'>singulo-</span> 
     </span>
     <span class='ocr_line' id='line_1_20' title="bbox 266 1840 1380 1888; baseline 0 -11"><span class='ocrx_word' id='word_1_115' title='bbox 266 1853 345 1877; x_wconf 87' lang='lat' dir='ltr'>rum</span> <span class='ocrx_word' id='word_1_116' title='bbox 373 1841 508 1878; x_wconf 80' lang='lat' dir='ltr'>civium</span> <span class='ocrx_word' id='word_1_117' title='bbox 538 1843 816 1888; x_wconf 78' lang='lat' dir='ltr'>comparandam</span> <span class='ocrx_word' id='word_1_118' title='bbox 844 1840 1046 1877; x_wconf 80' lang='lat' dir='ltr'>libertatem</span> <span class='ocrx_word' id='word_1_119' title='bbox 1077 1842 1265 1879; x_wconf 81' lang='lat' dir='ltr'>moralem.</span> <span class='ocrx_word' id='word_1_120' title='bbox 1319 1840 1380 1879; x_wconf 84' lang='lat' dir='ltr'>Fit</span> 
     </span>
     <span class='ocr_line' id='line_1_21' title="bbox 265 1910 1380 1959; baseline 0.001 -11"><span class='ocrx_word' id='word_1_121' title='bbox 265 1920 386 1948; x_wconf 81' lang='lat' dir='ltr'>autem</span> <span class='ocrx_word' id='word_1_122' title='bbox 410 1913 500 1948; x_wconf 74' lang='lat' dir='ltr'><strong>iliud</strong></span> <span class='ocrx_word' id='word_1_123' title='bbox 529 1913 614 1959; x_wconf 63' lang='lat' dir='ltr'>apt-st</span> <span class='ocrx_word' id='word_1_124' title='bbox 643 1921 842 1958; x_wconf 76' lang='lat' dir='ltr'>puerorum</span> <span class='ocrx_word' id='word_1_125' title='bbox 869 1910 1125 1957; x_wconf 84' lang='lat' dir='ltr'><strong>institutione,</strong></span> <span class='ocrx_word' id='word_1_126' title='bbox 1158 1920 1197 1948; x_wconf 85' lang='lat' dir='ltr'>ut</span> <span class='ocrx_word' id='word_1_127' title='bbox 1226 1923 1297 1959; x_wconf 91' lang='lat' dir='ltr'>ope</span> <span class='ocrx_word' id='word_1_128' title='bbox 1324 1923 1380 1949; x_wconf 84' lang='lat' dir='ltr'>ra·-</span> 
     </span>
     <span class='ocr_line' id='line_1_22' title="bbox 267 1980 1377 2028; baseline 0 -10"><span class='ocrx_word' id='word_1_129' title='bbox 267 1980 382 2018; x_wconf 83' lang='lat' dir='ltr'><strong>tionis</strong></span> <span class='ocrx_word' id='word_1_130' title='bbox 418 1983 630 2028; x_wconf 84' lang='lat' dir='ltr'>voluptates</span> <span class='ocrx_word' id='word_1_131' title='bbox 668 1991 754 2017; x_wconf 85' lang='lat' dir='ltr'>suas</span> <span class='ocrx_word' id='word_1_132' title='bbox 792 1981 1006 2028; x_wconf 86' lang='lat' dir='ltr'><strong>castigando</strong></span> <span class='ocrx_word' id='word_1_133' title='bbox 1042 1983 1214 2018; x_wconf 85' lang='lat' dir='ltr'>virtutem</span> <span class='ocrx_word' id='word_1_134' title='bbox 1245 1981 1315 2018; x_wconf 88' lang='lat' dir='ltr'><strong>sibi</strong></span> <span class='ocrx_word' id='word_1_135' title='bbox 1342 1991 1377 2018; x_wconf 84' lang='lat' dir='ltr'>et</span> 
     </span>
     <span class='ocr_line' id='line_1_23' title="bbox 269 2049 1377 2097; baseline 0.001 -11"><span class='ocrx_word' id='word_1_136' title='bbox 269 2052 442 2088; x_wconf 84' lang='lat' dir='ltr'>moralem</span> <span class='ocrx_word' id='word_1_137' title='bbox 483 2050 686 2088; x_wconf 85' lang='lat' dir='ltr'>libertatem</span> <span class='ocrx_word' id='word_1_138' title='bbox 724 2049 911 2088; x_wconf 82' lang='lat' dir='ltr'><strong>vindicare</strong></span> <span class='ocrx_word' id='word_1_139' title='bbox 954 2059 1065 2097; x_wconf 80' lang='lat' dir='ltr'>atque</span> <span class='ocrx_word' id='word_1_140' title='bbox 1098 2050 1146 2088; x_wconf 85' lang='lat' dir='ltr'>ita</span> <span class='ocrx_word' id='word_1_141' title='bbox 1183 2051 1272 2088; x_wconf 91' lang='lat' dir='ltr'><strong>boni</strong></span> <span class='ocrx_word' id='word_1_142' title='bbox 1300 2050 1377 2088; x_wconf 86' lang='lat' dir='ltr'>fieri</span> 
     </span>
     <span class='ocr_line' id='line_1_24' title="bbox 269 2120 1301 2168; baseline 0.004 -12"><span class='ocrx_word' id='word_1_143' title='bbox 269 2120 465 2167; x_wconf 77' lang='lat' dir='ltr'>homines,</span> <span class='ocrx_word' id='word_1_144' title='bbox 492 2120 583 2158; x_wconf 88' lang='lat' dir='ltr'><strong>boni</strong></span> <span class='ocrx_word' id='word_1_145' title='bbox 609 2121 696 2158; x_wconf 84' lang='lat' dir='ltr'>item</span> <span class='ocrx_word' id='word_1_146' title='bbox 724 2120 826 2158; x_wconf 85' lang='lat' dir='ltr'><strong>cives</strong></span> <span class='ocrx_word' id='word_1_147' title='bbox 851 2129 992 2159; x_wconf 82' lang='lat' dir='ltr'>mature</span> <span class='ocrx_word' id='word_1_148' title='bbox 1016 2121 1121 2168; x_wconf 88' lang='lat' dir='ltr'>pueri</span> <span class='ocrx_word' id='word_1_149' title='bbox 1145 2122 1301 2161; x_wconf 86' lang='lat' dir='ltr'><strong>discant.</strong></span> 
     </span>
    </p>
   </div>
   <div class='ocr_carea' id='block_1_8' title="bbox 268 2192 1389 2414">
    <p class='ocr_par' dir='ltr' id='par_1_8' title="bbox 268 2192 1389 2414">
     <span class='ocr_line' id='line_1_25' title="bbox 1252 2192 1389 2241; baseline 0 -12"><span class='ocrx_word' id='word_1_150' title='bbox 1252 2192 1389 2241; x_wconf 18' lang='lat' dir='ltr'>Quum*</span> 
     </span>
     <span class='ocr_line' id='line_1_26' title="bbox 271 2257 1378 2298; baseline 0.005 -11"><span class='ocrx_word' id='word_1_151' title='bbox 271 2258 454 2295; x_wconf 74' lang='lat' dir='ltr'>„libertas</span> <span class='ocrx_word' id='word_1_152' title='bbox 475 2265 523 2289; x_wconf 73' lang='lat' dir='ltr'>est</span> <span class='ocrx_word' id='word_1_153' title='bbox 537 2257 576 2295; x_wconf 57' lang='grc' dir='ltr'>,Ὗ</span> <span class='ocrx_word' id='word_1_154' title='bbox 601 2269 738 2298; x_wconf 83' lang='lat' dir='ltr'>quocum</span> <span class='ocrx_word' id='word_1_155' title='bbox 760 2260 885 2290; x_wconf 79' lang='lat' dir='ltr'>confert</span> <span class='ocrx_word' id='word_1_156' title='bbox 907 2259 996 2298; x_wconf 85' lang='lat' dir='ltr'><strong>Lips.</strong></span> <span class='ocrx_word' id='word_1_157' title='bbox 1012 2260 1200 2289; x_wconf 77' lang='lat' dir='ltr'>sententiam</span> <span class='ocrx_word' id='word_1_158' title='bbox 1214 2259 1378 2294; x_wconf 66' lang='lat' dir='ltr'><strong>Philonis:</strong></span> 
     </span>
     <span class='ocr_line' id='line_1_27' title="bbox 268 2314 1376 2360; baseline 0.005 -14"><span class='ocrx_word' id='word_1_159' title='bbox 268 2341 290 2353; x_wconf 83' lang='lat'><em>„</em></span> <span class='ocrx_word' id='word_1_160' title='bbox 309 2318 380 2355; x_wconf 75' lang='grc' dir='ltr'>Θεῷ</span> <span class='ocrx_word' id='word_1_161' title='bbox 410 2314 597 2354; x_wconf 71' lang='grc' dir='ltr'><em>δουλεύειν,</em></span> <span class='ocrx_word' id='word_1_162' title='bbox 638 2315 696 2350; x_wconf 72' lang='grc' dir='ltr'>οὐκ</span> <span class='ocrx_word' id='word_1_163' title='bbox 733 2315 921 2358; x_wconf 64' lang='grc' dir='ltr'>ἐλευθερίαις</span> <span class='ocrx_word' id='word_1_164' title='bbox 953 2316 1070 2357; x_wconf 78' lang='grc' dir='ltr'><strong><em>μόνον,</em></strong></span> <span class='ocrx_word' id='word_1_165' title='bbox 1100 2315 1200 2351; x_wconf 63' lang='grc' dir='ltr'>ἀλλὰ</span> <span class='ocrx_word' id='word_1_166' title='bbox 1226 2320 1284 2352; x_wconf 64' lang='grc' dir='ltr'>καὶ</span> <span class='ocrx_word' id='word_1_167' title='bbox 1312 2318 1376 2360; x_wconf 69' lang='grc' dir='ltr'>βαι-</span> 
     </span>
     <span class='ocr_line' id='line_1_28' title="bbox 268 2370 640 2414; baseline 0.008 -9"><span class='ocrx_word' id='word_1_168' title='bbox 268 2374 399 2411; x_wconf 70' lang='grc' dir='ltr'>τιλείοις</span> <span class='ocrx_word' id='word_1_169' title='bbox 427 2370 603 2414; x_wconf 67' lang='grc' dir='ltr'><em>ἔμειναν.”</em></span> <span class='ocrx_word' id='word_1_170' title='bbox 637 2393 640 2397; x_wconf 51' lang='grc'><strong>’</strong></span> 
     </span>
    </p>
   </div>
  </div>
 </body>
</html>
