1492 2896
249 256 305 298 60
347 254 387 299 J,
403 254 448 298 L.
464 254 510 300 C.
528 226 882 299 scflROEnER
899 266 1001 298 vm
1016 267 1112 299 mm
1128 251 1288 300 KOLK

246 410 312 439 me
341 396 395 439 ab
428 395 673 439 Academiae
699 395 964 452 Lugdunensi
1005 397 1141 455 palma
1173 397 1216 440 in
1245 396 1346 442 nis-

245 470 350 515 toria
376 471 560 515 Naturali
590 485 787 516 concessa
824 471 925 526 fuit3
957 472 1079 526 Tibi,
1108 473 1205 518 licet
1231 474 1348 519 Juris

246 546 470 600 Studioso,
508 547 552 591 in
587 548 730 592 eadem
757 547 977 608 disciplina·
1007 564 1032 592 a
1059 556 1202 594 nostra
1231 551 1359 595 Aca--

245 622 378 666 demia
419 638 529 668 nunc
573 625 753 681 aequalis
792 624 989 669 tribuitur
1019 627 1171 684 palma.
1233 627 1348 672 Lau-

243 699 391 743 dabilis
424 701 597 745 omnino
639 709 701 745 est
739 701 843 746 haec
885 702 1069 749 fraterna
1099 703 1346 759 aemulati03

242 776 368 820 ambo
403 777 497 835 pari
534 777 765 822 studiorum
797 785 837 822 et
867 788 987 823 verae
1021 779 1176 838 gloriae
1203 786 1359 825 amore'

241 852 283 895 in
307 852 388 896 hoc
410 859 620 897 certamen
645 853 940 909 descendistis,
958 855 1016 900 ita
1042 862 1182 899 tamen
1197 887 1210 909 ,
1234 863 1279 900 ut
1296 869 1344 900 ex

242 941 291 971 eo
320 929 444 972 ambo
467 929 656 973 Victores
683 930 905 974 escendere
945 931 1176 990 potueritis.

297 1005 455 1064 Accipe
482 1007 607 1064 igitur
636 1006 747 1053 hune
769 1022 979 1050 nummum
1004 1021 1171 1051 aureum
1190 1038 1203 1060 ‚
1224 1021 1346 1065 egre-

242 1081 350 1139 gium
389 1082 616 1127 industriae
663 1091 703 1127 et
746 1083 961 1127 doctrinae
995 1082 1240 1141 praemium.
1291 1107 1348 1117 —

240 1159 348 1202 Num
401 1159 461 1202 vis
503 1159 637 1216 majus
685 1159 909 1219 quoddam·
937 1159 1197 1216 nobiliusque
1220 1149 1243 1203 1>
1295 1180 1347 1192 -

241 1235 352 1279 Ecce
394 1236 530 1279 Patris
566 1236 634 1280 hic
668 1236 896 1295 praesentis
938 1236 1157 1294 gaudium,
1213 1235 1359 1280 Patris

240 1312 492 1365 venerandi,
518 1312 692 1356 filiorum
712 1312 929 1356 virtutibus
943 1312 1067 1357 beati.
1100 1311 1213 1369 Quid
1238 1312 1346 1358 enim

241 1388 313 1446 pio
339 1396 378 1432 et
417 1390 555 1448 probo
586 1389 669 1433 filio
709 1389 867 1433 dulcius
897 1403 986 1433 esse
1021 1395 1188 1448 potest,
1221 1403 1352 1446 quami

241 1466 431 1518 Patrem,
463 1481 487 1511 a
515 1481 598 1523 quo
624 1473 684 1509 tot
722 1466 831 1509 bona
856 1465 1043 1526 accepit,
1071 1465 1224 1523 gaudio
1249 1465 1347 1510 affi-

242 1557 347 1586 cere.

295 1621 483 1678 Pergatis
522 1621 608 1671 ila,
651 1627 693 1663 tu
729 1627 768 1663 et
802 1620 930 1663 frater
965 1627 1081 1672 tuus,
1125 1626 1171 1663 ut
1211 1619 1348 1664 Patris

239 1697 411 1754 gloriam
429 1729 440 1749 ,
466 1694 644 1740 familiae
675 1697 800 1740 decus
820 1727 832 1748 ,
865 1696 1028 1740 Patriae
1056 1703 1343 1741 ornamentum

237 1774 461 1831 aliquando
487 1788 580 1817 vere
608 1773 811 1832 appellari
837 1772 1018 1831 possitis.

295 1851 357 1894 Te
383 1858 516 1893 autem
538 1882 549 1902 ,
583 1851 657 1894 Vir
682 1849 1023 1894 aestumatissime
1039 1880 1050 1901 ,
1066 1849 1229 1893 Patrem
1264 1847 1347 1891 ho-

238 1943 327 1971 rum
367 1927 544 1970 filiorum
588 1941 679 1969 cum
726 1933 984 1985 praesentem
1021 1925 1209 1977 videam,
1262 1938 1348 1970 non

240 2019 409 2062 possum
443 2019 526 2048 non
564 2004 637 2048 tibi
665 2019 712 2048 ex
742 2003 882 2048 animo
910 2003 1012 2048 tales
1031 2002 1139 2048 filios
1159 2001 1345 2059 gratula-

241 2082 290 2126 ri.
325 2105 379 2115 —
411 2083 576 2125 Annuat
599 2082 714 2125 Deus
740 2081 818 2125 tuis
837 2080 1031 2139 precibus
1059 2094 1138 2138 pro
1160 2079 1348 2137 ipsorum

240 2161 381 2204 salute.
416 2182 458 2190 ·-—
497 2160 557 2202 lta
592 2159 672 2202 sint
713 2165 751 2202 et
796 2164 990 2201 maneant
1030 2156 1073 2199 hi
1113 2155 1184 2204 filii
1212 2155 1351 2204 fontes

237 2237 435 2279 uberrimi
469 2235 671 2279 felicitatis
702 2243 793 2278 tuae
818 2234 935 2282 vitae.
