1492 2896
450 259 809 304 ORATIO.
900 290 902 292 v
1156 261 1182 302 9

76 394 298 453 speluncae
327 394 566 439 Platonicae
586 394 734 439 incolis
757 393 1083 454 comparaverit,
1114 395 1183 453 qui

76 470 248 515 umbras
283 485 422 515 rerum
459 479 700 524 cernerent,
740 487 807 517 res
837 486 922 516 non
949 479 1180 517 cernerent.

76 547 363 608 Quamobrem
403 548 613 593 verissime
650 549 718 592 illa
755 549 906 593 dicitur
935 564 1021 593 non
1048 549 1179 594 solum

77 628 506 685 ²⁶⁸‡l⁸;²emP⁰rum›
532 629 653 670 vitae
682 629 922 678 memoria,
952 629 1180 683 magistra

73 705 220 757 vitae,
249 691 415 747 nuncid
449 706 714 757 vetustatis,
755 703 831 747 sed
866 703 989 748 ctiam
1018 710 1058 757 et
1087 718 1182 746 ma-

73 779 182 825 xime
208 780 314 825 adeo
338 785 417 824 lux
443 784 667 824 veritatis.
728 781 824 824 Non
852 781 1003 824 mirum
1029 779 1179 838 igitur,

72 872 245 912 omnes,
269 857 348 916 ³qui
373 857 586 902 doctrinas
615 859 830 913 excolunt,
858 857 1058 917 historiae
1085 857 1182 900 duci

69 935 341 995 studiofissssd
371 935 502 995 fons,
520 936 632 980 unde
659 950 865 992 quemque
890 934 1059 993 haurire
1088 948 1182 977 ma·-

70 1012 179 1066 xime
220 1013 365 1065 decet,
411 1012 586 1062 historia
626 1013 807 1071 gentium
851 1020 925 1057 est.
985 1013 1180 1071 Cognos-

67 1088 200 1142 cenda
223 1096 422 1148 ,tempora
449 1097 575 1141 sunt„
609 1089 760 1146 quibus
789 1097 900 1135 artes
928 1090 1113 1148 singulae
1142 1096 1181 1133 et

54 1165 284 1226 <doctrinae
302 1180 424 1225 jjcum
472 1165 742 1219 exstiterunt,
795 1174 879 1210 tum
923 1165 1180 1210 incrementa

67 1233 291 1303 ceperunt,
326 1250 411 1287 tum
438 1243 666 1290 floruerunt
680 1259 694 1303 ;Α
721 1243 1036 1301 cognoscendae
1064 1243 1182 1302 ipsae

67 1329 245 1380 gentes,
275 1319 388 1380 apud
428 1335 535 1378 quas
564 1319 794 1365 identidem
824 1322 989 1365 fuerunt
1013 1321 1074 1365 sic
1101 1337 1178 1364 ex·-

65 1399 228 1462 cultae,
254 1405 299 1444 ut
315 1397 413 1442 inde
432 1397 515 1457 ipsi
540 1397 697 1456 optime
720 1398 1002 1457 proficiamus.
1037 1398 1176 1441 Inter-r

67 1483 143 1521 est»
178 1475 302 1534 igitur
355 1475 505 1519 artium
549 1474 733 1519 omnium
779 1482 820 1519 et
861 1474 1144 1519 doctrinarum
1164 1507 1176 1528 ,

64 1544 175 1611 qnae⁸
192 1551 236 1600 in
263 1550 501 1600 Academiis
524 1551 769 1606 traduntur,
794 1551 982 1612 ipsarum
1006 1551 1177 1596 interest

63 1627 408 1688 Academiarum,
440 1634 487 1671 ut
517 1634 628 1672 recte
653 1628 845 1672 tradatur
872 1627 1045 1672 historia
1078 1628 1174 1671 uni-

63 1721 201 1763 versa„
224 1720 365 1764 >neque
390 1720 412 1750 e
438 1705 584 1750 libellis
611 1705 705 1759 illa,
734 1705 806 1762 qui
830 1706 953 1767 vulgo
976 1706 1168 1764 placent,

62 1781 136 1832 sed
157 1797 207 1827 ex
237 1782 418 1840 antiquis
446 1783 624 1827 maxime
650 1783 928 1827 monumentis
960 1798 1053 1826 eum
1091 1783 1171 1826 du-

61 1865 202 1912 catur‚
225 1865 310 1903 tum
339 1859 579 1905 illustretur.
629 1858 753 1917 Quod
782 1867 940 1916 quanto
967 1860 1105 1904 studio
1128 1860 1170 1904 in

58 1935 140 1979 hac
167 1934 322 1980 factum
351 1935 576 1979 Academia
607 1935 688 1987 sit,
716 1943 801 1979 tum
825 1937 960 1994 patuit
989 1938 1050 1980 vel
1076 1954 1171 1982 ma-

57 2011 189 2065 xime,
216 2027 342 2069 quum
359 2043 370 2064 ,
398 2019 492 2055 ante
517 2012 597 2056 hos
618 2020 782 2057 centum
807 2026 963 2066 annos,
987 2014 1167 2073 primum

55 2088 338 2134 celebraretur
359 2089 507 2132 festum
530 2089 755 2134 saeculare.
817 2090 997 2135 Dicebat
1028 2092 1166 2137 Dra-

54 2165 420 2212 kenborchius:
452 2166 657 2211 dicentem
684 2167 908 2211 audiebant
930 2168 1165 2219 Dukerus

52 2250 90 2286 et
119 2242 538 2302 WVesselingius:
572 2243 675 2288 Livii
705 2245 795 2297 ille,
831 2245 875 2289 hi
906 2246 1164 2307 Thucydidis

50 2327 88 2363 et
118 2319 317 2364 Herodoti
347 2320 593 2379 interpretes
627 2322 828 2380 primarii.
891 2323 1081 2371 Aderant
1104 2326 1159 2373 ir]
