1492 2896
503 251 893 298 ORATIO.
1202 251 1260 296 35

132 383 265 430 larem
291 392 352 429 -et
384 383 481 436 ’fere
520 387 768 445 stupendam
815 388 1031 432 doctrinae
1069 387 1260 446 copiam,

130 467 208 512 sed
249 468 553 514 humanitatem
594 471 717 515 etiam
760 479 872 516 tuam
914 479 954 516 et
994 471 1258 516 modestiam.

128 551 218 603 Nec
252 554 447 612 profecto
487 570 510 598 a
552 563 592 599 te
631 555 731 599 illud
767 556 923 600 frustra
957 564 1085 615 peto,
1119 556 1263 618 Ριογ-7

131 636 335 681 aardsi!
366 652 462 705 nam
491 653 576 683 non
603 639 736 683 solum
763 640 812 700 jn
843 640 1008 685 easdem
1033 640 1102 684 hic
1129 640 1262 684 scho-

130 720 193 766 las
233 722 523 769 ventitavimus
542 756 553 777 ,
585 724 803 786 clarissimi
844 724 968 769 etiam
1005 726 1065 769 tui
1099 725 1262 777 Patris,

132 806 254 864 cujus
296 808 543 853 memoriam
590 824 613 852 a
666 809 777 854 doct.
812 808 1263 871 Wildschuttio

132 890 242 948 juste
281 893 536 937 celebratam
587 908 676 938 esse
720 901 759 937 et
809 908 885 951 ego
930 893 1118 951 gaudeo3
1188 892 1263 935 sed

132 989 300 1021 eramus
338 977 424 1035 jam
466 985 553 1022 tum
602 978 784 1022 amicitia
827 978 1052 1036 conjuncti.
1125 976 1264 1033 Equi-

132 1058 230 1104 dem
273 1060 489 1107 omnibus
515 1061 619 1105 meis
659 1061 808 1105 officiis
851 1061 1056 1113 efficiam,
1102 1067 1148 1103 ut
1189 1073 1264 1102 vos

132 1144 259 1189 ambo
296 1159 394 1189 -vere
429 1145 601 1205 possitis
639 1146 849 1202 judicare,
911 1160 976 1189 me
1019 1145 1140 1188 vobis
1177 1158 1264 1186 non

131 1228 314 1292 amicum
331 1217 486 1284 modo,
517 1246 660 1274 verum
687 1231 810 1274 etiam
835 1230 1133 1274 amicissimum
1162 1229 1264 1274 velle

131 1313 379 1375 existimari·
435 1314 522 1359 Sed
560 1315 661 1372 quid
695 1315 748 1358 ad
790 1323 830 1359 te
872 1314 1032 1367 dicam,
1066 1312 1128 1357 Cl.
1161 1312 1202 1357 H
1218 1327 1266 1355 e-

129 1399 318 1459 ringa!
380 1399 535 1444 Tibine
563 1415 629 1443 me
661 1399 983 1443 commendem?
1047 1396 1104 1463 At
1130 1396 1265 1457 patris

129 1484 228 1531 loco
258 1484 344 1541 jam
386 1491 497 1538 tum,
531 1498 622 1528 cum
657 1484 699 1527 in
735 1483 817 1527 hac
848 1482 1081 1534 Academia
1116 1496 1265 1524 versa-

131 1583 226 1623 rer,
257 1568 383 1612 mihi=
405 1568 544 1621 fuisti,
577 1568 815 1624 nullamque
851 1575 1018 1632 tuorum
1057 1579 1156 1623 erga
1197 1580 1263 1607 me

134 1653 380 1698 meritorum
423 1660 586 1711 partem
625 1666 711 1696 non
746 1651 874 1694 modo
911 1648 1158 1700 referenda,
1190 1648 1265 1691 sed

134 1750 188 1781 ne
218 1736 441 1795 cogitanda
472 1730 641 1793 quidem
676 1734 809 1793 gratia
843 1732 1043 1789 consequi
1073 1746 1261 1790 possum.

136 1820 356 1869 Laudesne
389 1820 516 1879 igitur
545 1827 639 1865 tuas
686 1818 894 1863 efferam?
941 1817 1028 1861 Sed
1069 1815 1188 1859 video
1225 1822 1265 1859 te

137 1918 304 1948 omnem
357 1884 606 1948 abnuentem
651 1901 948 1945 laudationem.
1013 1900 1264 1953 *Praeterea

136 1988 308 2032 virtutes
349 1989 443 2032 tuae
481 1987 525 2031 in
558 1988 705 2045 vulgus
741 1992 867 2029 notae
901 1991 1009 2028 sunt.
1084 1984 1139 2028 Et
1170 1985 1264 2042 quis

138 2087 216 2131 ego
260 2088 376 2126 sum,
403 2072 481 2138 'qui
520 2071 611 2115 illas
653 2070 896 2132 celebrem?
959 2067 1071 2125 Quid
1105 2067 1264 2126 igitur?

140 2155 435 2200 Gratissimum
462 2169 597 2199 meum
629 2169 726 2212 erga
754 2160 795 2197 te
823 2135 1005 2196 animum
1031 2151 1100 2194 hic
1128 2152 1269 2209 palam

142 2242 321 2287 declaro·
342 2256 424 2301 pro
459 2240 679 2293 omnibus,
729 2239 882 2296 quibus
920 2252 985 2281 me
1020 2234 1271 2289 cumulasti,
