1492 2896
243 246 292 283 74
648 233 966 284 msouismo

239 344 406 384 bidinum
436 343 613 392 impetus.
671 344 723 382 At
748 355 836 382 vero
854 371 868 391 ,
901 351 1153 394 praeterquam
1176 345 1320 386 ratione
1336 374 1352 396 ,

237 416 319 455 aliis
351 423 407 453 est
434 415 546 452 homo
574 413 728 452 dotibus
756 422 906 452 ornatus
927 441 940 462 ,
982 414 1121 463 quibus
1146 416 1355 456 communi-

233 496 290 525 ter
323 486 470 535 adJ‘utus
510 483 547 522 in
584 483 788 522 libertatem
815 495 856 521 se
881 483 1065 523 vindicare
1090 485 1236 534 possit:
1264 497 1350 526 nam

230 556 326 595 ratio
362 566 428 604 per
463 566 504 592 se
536 565 614 592 non
648 553 759 592 habet
792 553 933 592 virium*
955 553 1060 593 satis.
1112 555 1346 605 Videamus,

235 636 411 675 quaenam
441 625 508 663 hac
534 626 580 663 de
604 636 642 662 re
668 624 801 672 prodat
825 624 1069 673 philosophia
1094 625 1273 666 Platonis,

279 696 409 747 Quum
447 696 485 733 in
518 695 679 733 animum
714 694 914 732 humanum
955 681 1103 742 penitus
1139 694 1344 743 inquireret

229 768 361 814 Plato,
399 767 436 805 id
467 765 658 817 spectabat
694 765 876 812 maxime,
913 774 953 802 ut
976 764 1020 802 ad
1044 766 1271 812 veritatem,
1299 765 1346 804 li-

225 837 404 875 bertatem
442 846 478 874 et
512 838 689 874 virtutem
727 835 840 872 homo
877 834 1178 883 philosophando
1214 845 1347 882 perve-

227 907 336 948 niret.
388 905 644 953 Philosophus
678 912 799 941 autern
837 915 915 942 non
953 915 1110 953 prorsus
1142 903 1291 952 quidem
1321 916 1343 943 a

227 977 400 1016 sensibus
427 976 608 1014 abstineat
636 983 812 1022 oportet,
851 974 1054 1012 dummodo
1081 985 1128 1012 ne
1153 975 1192 1012 in
1217 974 1339 1013 tribus

227 1047 300 1085 illis
327 1046 399 1084 sibi
422 1044 680 1094 comparandis
705 1044 961 1093 prohibeatur.
998 1047 1200 1094 Καθάρσει,
1219 1046 1340 1084 animi

222 1119 447 1168 purgatione
475 1127 572 1164 opus
599 1125 682 1160 est,
712 1124 754 1152 ut
778 1115 827 1153 ita
851 1115 910 1152 hic
929 1142 942 1160 ,
967 1126 986 1152 a
1018 1113 1187 1161 corporis
1209 1113 1342 1152 vincu-

225 1188 270 1225 lis
304 1187 452 1224 solutus
470 1214 484 1232 ‚
525 1188 631 1228 αὐτὸς
655 1188 733 1224 καθ’
756 1186 862 1225 αὑτὸν
886 1183 987 1222 vivat
1009 1192 1045 1220 et
1069 1192 1151 1230 agat
1166 1210 1179 1228 ‚
1207 1183 1343 1220 verita-

224 1257 272 1294 tis
302 1256 364 1294 fiat
388 1266 544 1303 compos
563 1282 575 1301 ‚
603 1254 696 1290 liber
719 1255 870 1300 evadat,
907 1255 1080 1291 virtutem
1105 1262 1339 1300 assequatur.

224 1326 362 1365 Statuit
389 1324 541 1363 omnino
567 1322 732 1361 veritatis
757 1323 902 1360 demum
926 1334 1050 1361 amore
1079 1323 1116 1360 id
1140 1322 1211 1361 sibi
1235 1332 1341 1360 com-

225 1408 351 1446 parare
374 1395 557 1434 hominem
587 1405 727 1442 posse,
754 1403 795 1430 ut
820 1393 985 1432 libertate
1006 1392 1135 1430 morali
1151 1401 1185 1430 et
1200 1391 1340 1430 virtute

223 1468 375 1516 gaudeat
397 1466 481 1516 (ι).
536 1464 683 1502 Etenim
709 1462 936 1511 comparavit
967 1463 1069 1500 Plato
1098 1462 1135 1499 in
1164 1460 1338 1500 Phaedro

223 1536 395 1585 dialogo,
430 1536 493 1582 qui
524 1535 577 1572 uti
608 1534 759 1581 poetico
788 1535 894 1580 plane
918 1544 1001 1570 sese
1022 1533 1254 1570 commendat
1277 1542 1342 1570 co-

223 1609 327 1653 lore,
356 1608 404 1644 ita
425 1605 615 1643 luxurians
638 1612 675 1640 et
696 1602 862 1652 J‘uvenile
895 1601 1114 1650 philosophi
1151 1599 1339 1649 ingenium

223 1677 312 1716 satis
349 1687 535 1725 superque
573 1673 727 1723 prodit,
763 1696 815 1704 —
853 1671 1084 1718 comparavit
1124 1670 1238 1718 igitur
1276 1669 1339 1708 ille

221 1746 380 1786 animum
405 1756 549 1783 omnem
574 1756 657 1782 cum
686 1742 784 1790 bigis
817 1741 920 1780 alatis
952 1750 989 1779 et
1012 1741 1151 1789 auriga.
1204 1740 1340 1788 Equo-

222 1829 302 1856 rum
336 1827 432 1855 unus
466 1815 591 1854 bonus
618 1813 754 1851 dicitur
787 1821 822 1849 et
848 1810 964 1849 frenis
989 1809 1097 1848 facile
1124 1809 1304 1848 obediens
1324 1836 1340 1856 ,

221 1889 338 1925 malus
371 1896 460 1923 vero
497 1885 590 1922 alter
626 1891 662 1921 et
696 1891 925 1927 conrumaX‚
951 1889 993 1917 ut
1018 1880 1108 1918 adeo
1135 1879 1209 1917 nisi
1235 1888 1335 1917 recte

221 1957 266 1995 ab
292 1956 417 2005 auriga
441 1954 711 2004 gubernaretur
733 1961 768 1990 et
794 1963 815 1990 a
841 1951 947 1991 socio
973 1949 1215 1989 cohiberetur
1231 1977 1245 1997 ‚
1272 1960 1336 1988 ve-

221 2028 384 2065 hiculum
429 2024 578 2074 saepius
625 2022 841 2071 resupinum
883 2020 1030 2059 caderet
1061 2019 1148 2071 (2).
1211 2020 1334 2069 Quam

219 2096 332 2136 animi
354 2095 545 2144 imaginem
565 2094 597 2132 si
624 2092 779 2131 interius
805 2091 1106 2140 perceperimus,
1134 2088 1244 2128 facile
1268 2099 1334 2127 cu-

220 2167 415 2215 piditatum
442 2165 480 2203 in
505 2163 626 2202 animo
653 2173 736 2200 cum
761 2160 903 2199 ratione
924 2157 1125 2209 significari
1148 2166 1333 2197 certamen

1273 2227 1338 2266 de·

263 2301 311 2341 (ι)
333 2297 414 2328 vid.
437 2296 567 2326 omm'no
589 2293 641 2324 Ci.
661 2303 721 2323 van
746 2292 897 2330 Heusde,
923 2293 1009 2324 luit.
1030 2290 1109 2323 voi,
1132 2290 1199 2322 111.
1218 2300 1332 2331 pam.

261 2355 310 2394 (2)
336 2351 417 2381 Plan.
438 2349 584 2379 Phae-dr.
607 2357 638 2386 p.
662 2345 731 2378 253.
756 2346 799 2376 D.
822 2356 895 2386 sqq.
