1492 2896
374 261 887 310 INTROITUS.
1152 291 1196 324 17

84 377 154 405 tem
197 367 410 408 informaret
446 382 481 410 et
520 373 721 422 impelleret
762 380 845 429 (1).
900 382 989 420 Inde
1032 385 1189 426 Cicero:

85 464 108 484 „
123 437 272 476 Virtute
296 440 523 487 gubernante
547 448 807 493 rempublicam
824 478 836 496 ‚
869 453 960 499 quid
986 464 1109 502 potest
1134 470 1192 497 es-

79 518 118 545 se
142 509 396 556 praeclarius?
453 514 548 551 Cum
577 515 635 562 is,
666 517 730 564 qui
758 518 913 567 imperat
936 523 1042 570 aliis,
1072 517 1188 566 servit

76 575 157 624 ipse
189 578 282 615 nulli
317 581 537 628 cupiditati,
575 596 657 623 cum
685 598 774 633 quas
799 589 844 627 ad
871 602 926 629 res
954 593 1054 632 cives
1078 596 1185 635 insti-

75 645 150 683 tuit
181 641 216 684 et
242 657 374 696 vocat,
408 662 466 688 eas
494 663 620 692 omnes
650 659 867 705 complexus
894 671 950 699 est
976 663 1087 713 ipse3
1117 677 1186 705 nec

75 717 175 764 leges
209 717 370 767 imponit
410 724 580 769 popum,
622 725 760 772 quibus
797 728 994 776 ipse‘non
1031 745 1182 785 pareat;

75 787 140 824 sed
163 798 264 826 suam
288 789 397 827 vitam
426 800 466 828 ut
496 792 609 838 legem
631 796 790 841 praefert
811 799 888 836 suis
909 800 1085 841 civibus²⁹
1095 805 1182 854 (2).

76 856 224 895 Scilicet
258 869 299 897 ea
333 860 476 899 demum
515 872 611 901 recta
645 867 875 915 pulchraque
903 872 1184 914 existimabatur

74 925 299 975 reipublicae
336 929 634 980 administratio,
666 935 699 972 si
740 937 823 984 quis
861 939 910 978 ita
950 954 1007 980 res
1041 945 1180 984 civium

73 1007 313 1045 procuraret,
350 1007 392 1036 ut
430 1013 538 1048 quam
575 1003 740 1051 optimos
777 1007 880 1055 ipsos
911 1011 1012 1049 cives
1065 1015 1182 1053 effice-

73 1073 127 1102 ret
152 1065 235 1114 (3).
290 1067 380 1105 Non
411 1070 504 1107 enim
531 1071 578 1108 *in
611 1074 719 1112 rebus
757 1079 941 1127 externis,
975 1083 1040 1120 sed
1064 1083 1103 1121 in
1126 1085 1182 1123 in-

71 1143 171 1173 terna
201 1135 339 1174 civium
366 1139 580 1178 conditione
607 1143 769 1183 civitatis
791 1146 1002 1188 felicitatem
1019 1153 1180 1199 positam

70 1215 151 1242 esse
174 1206 317 1254 antiqui
341 1208 552 1251 censebant,
597 1239 619 1257 „
636 1216 711 1254 Οὐκ
724 1215 795 1264 ἄρα
806 1223 961 1268 τειχῶν,
989 1221 1059 1270 (ita
1081 1225 1182 1272 apud

69 1274 258 1312 Platonem
286 1275 417 1316 effatur
435 1279 633 1331 Socrates)
666 1287 741 1325 οὐδὲ
764 1289 907 1336 τριήρων
939 1280 1014 1332 οῦδὲ
1041 1297 1182 1343 νεωρίων

67 1347 202 1386 δέονται
222 1350 261 1387 αἱ
284 1349 404 1393 πόλεις
420 1377 432 1395 ‚
459 1350 484 1390 ὦ
507 1350 749 1401 Ἀλκιβιάδη,
772 1359 801 1396 εἰ
814 1359 1005 1405 μέλλουσιν
1019 1365 1181 1413 εὐδαιμο-

69 1419 199 1463 νήσειν,
226 1420 301 1457 οὐδὲ
325 1421 477 1465 πλήθους
493 1451 502 1465 ,
532 1425 607 1462 οὐδὲ
631 1427 827 1474 μεγέθους,
856 1429 940 1469 ἄνευ
963 1434 1107 1480 αι’ρετῆς-
1127 1455 1179 1463 —-

66 1489 110 1526 Ei
124 1489 164 1532 δὴ
176 1488 321 1534 μέλλεις
340 1491 389 1528 τοὶ
416 1495 479 1534 τῆς
511 1493 644 1537 πόλεως
670 1497 816 1543 προέξειν
842 1501 940 1547 ὀρθῶς
963 1503 1022 1540 καὶ
1046 1508 1178 1549 καλῶς,

65 1559 191 1605 ἀρετῆς
229 1558 281 1596 σοὶ
316 1561 527 1605 μεταδοτέον
555 1570 626 1606 τοῖς
655 1566 847 1610 mali—001?
873 1569 957 1617 (4).
1022 1571 1181 1619 Sperne-

66 1625 153 1662 bant
184 1628 297 1674 igitur
325 1627 471 1667 divitias
504 1631 645 1678 politici
673 1641 815 1672 veteres
833 1664 846 1683 ‚
881 1646 1012 1686 utpote
1034 1641 1174 1681 civium

65 1695 194 1732 virtuti
229 1696 498 1736 labefactandae
532 1702 684 1739 maxime
716 1705 880 1745 idoneas.
936 1709 1051 1748 Cives
1075 1713 1173 1751 enim

66 1767 264 1802 secundum
294 1768 508 1814 Platonem,
564 1775 773 1820 „rrpo'l'ovvsc
801 1780 849 1821 εἰς
875 1781 915 1818 τὸ
945 1782 1088 1828 πρόσθεν
1113 1788 1174 1824 τοῦ

65 1836 369 1883 χρηματίζεσθαι,
410 1838 475 1886 ὅσῳ
508 1840 551 1878 ἂν
598 1845 700 1882 ’τοῦτο
749 1836 947 1896 ΐιμιώτερσν
988 1843 1173 1897 aydam-'am

67 1903 369 1962 rocodwdpwfaelv
396 1910 630 1956 άτιμωτέρκν.
663 1912 682 1956 ἢ
708 1917 776 1962 οὐχ·
801 1915 888 1957 οὕτω
916 1921 1070 1961 πλούτου
1092 1925 1174 1971 ἁρε-

1129 1995 1174 2039 τὴ

107 2052 156 2091 (ι)
184 2052 262 2082 l’lat.
284 2055 321 2084 cle
341 2057 425 2095 Περ.
450 2056 526 2087 Lib.
550 2058 590 2088 V.
613 2070 644 2097 p.
666 2061 735 2100 473.
760 2063 802 2093 D.

105 2105 153 2145 (2)
179 2105 247 2135 Cic.
263 2108 299 2136 de
312 2109 396 2148 Περ.
419 2107 498 2140 Lib.
512 2115 534 2142 I.
550 2123 576 2141 c.
593 2113 643 2143 34.
665 2114 716 2144 Cf·
732 2117 770 2146 de
785 2118 886 2159 Legg.
902 2119 978 2150 Lib.
995 2122 1060 2156 111'.
1076 2135 1103 2154 c.
1121 2127 1171 2157 14.

105 2157 152 2197 (5)
179 2157 257 2187 Plat.
288 2161 384 2199 Gorg.
409 2172 438 2199 p.
459 2162 530 2193 5ιὸ.
554 2164 591 2194 Ε.

105 2210 151 2250 (4)
173 2212 283 2242 Alcib.
300 2213 326 2242 I.
339 2224 370 2251 p.
388 2215 457 2245 134.
474 2216 509 2246 B.
550 2219 630 2249 Cum
648 2220 733 2250 hisce
756 2227 859 2253 autem
882 2225 1034 2258 Ponticae
1057 2229 1170 2261 mato-

68 2260 114 2291 nis
144 2266 319 2304 praeceptis
356 2269 474 2305 optime
514 2270 687 2311 l'olybiana
725 2278 946 2315 conveniunt,
981 2281 1021 2311 dc
1053 2286 1170 2324 quibus

69 2313 144 2346 vid.
165 2317 214 2349 cl,
240 2330 299 2351 van
321 2320 533 2361 Goudoever,
570 2328 607 2355 {le
633 2327 713 2356 laisl-
734 2330 853 2369 Polyb.
875 2332 1052 2374 laudibus,
1080 2348 1112 2377 p.
1130 2351 1169 2381 7⁰

71 2373 96 2400 &
111 2377 161 2409 71.

604 2440 630 2476 Β
