1492 2896
839 255 894 298 24

314 396 376 441 te,
426 387 616 432 Consulis
657 395 781 445 atque
822 388 1000 433 Senatus
1039 389 1187 433 urbani
1225 391 1422 444 nomine,

315 465 398 508 hoc
434 478 578 508 ornem
617 465 787 518 monili,
831 466 898 510 cui
933 480 1179 524 suspensum
1217 468 1422 513 numisma

315 549 400 594 est,
429 541 473 584 in
502 548 746 600 perpetuam
782 542 903 599 hujus
939 541 1031 586 festi
1068 544 1311 588 memoriam
1334 558 1424 589 cu-

315 633 420 662 sum.
482 617 579 663 Tibi
607 633 704 663 vero
728 619 829 663 illud
854 619 934 672 sit,
961 626 1007 663 ut
1039 620 1156 674 festi,
1184 621 1242 665 ita
1272 620 1422 665 horum

313 695 358 739 in
395 694 542 754 primis
591 695 836 740 solemnium
879 703 1208 742 monumentum*
1233 697 1425 756 gratissi-

313 785 440 817 mum.
503 771 610 816 Num
641 772 762 830 longa
791 771 868 816 tibi
895 771 1097 817 destinata
1127 773 1210 818 vita
1241 772 1319 827 sit,
1348 787 1425 818 nos

276 908 279 910 ‚
315 848 572 905 ignoramus.

586 946 724 975 Prudens
740 947 851 986 futuri
873 948 1015 986 temporis
1036 949 1152 977 exitum

592 1006 763 1044 caliginosa
783 1011 864 1037 nocte
881 1010 993 1046 premit
1015 1007 1109 1037 Deus.

319 1085 482 1142 Quodsi
511 1087 687 1129 evenerit
716 1086 815 1139 tibi,
846 1094 914 1140 ut,
947 1087 1245 1145 quinquaginta
1271 1087 1416 1132 exactis

320 1161 464 1213 annis,
501 1161 695 1221 proximo
723 1162 974 1207 Academiae
1007 1164 1113 1208 festo
1147 1163 1279 1217 adsis,
1310 1163 1418 1207 desi-

320 1239 488 1283 derabis
517 1254 617 1283 sane
651 1254 733 1283 una
768 1253 862 1284 cum
898 1248 1043 1298 patre,
1074 1247 1232 1284 ceteros
1261 1240 1425 1299 pleros-

321 1331 401 1373 que
438 1324 733 1375 praeceptores
775 1324 883 1360 tuos.
946 1317 1012 1361 Tu
1044 1330 1142 1360 vero
1175 1316 1236 1360 sic
1274 1315 1428 1374 prodi,

321 1393 567 1437 numismate
599 1392 681 1436 hoc
713 1399 907 1444 ornatus,
936 1400 983 1436 ut
1016 1391 1197 1451 ipse·sis
1233 1391 1415 1436 omnibus

323 1484 416 1514 cum
456 1468 696 1528 disciplinae
740 1477 932 1522 nostrae,
979 1476 1065 1512 tum
1105 1484 1218 1513 meae
1254 1484 1351 1526 erga
1382 1478 1416 1510 :e

321 1547 545 1592 voluntatis
575 1546 842 1603 caritatisque
873 1553 1197 1590 monumentum.

379 1625 435 1668 Et
469 1624 533 1666 his
572 1624 653 1675 ita,
685 1630 729 1666 ut
758 1623 892 1667 facere
920 1623 1020 1665 mihi
1054 1622 1191 1674 licuit,
1223 1620 1416 1680 peractis,

322 1700 545 1745 mittendus
583 1700 665 1756 jam
699 1707 742 1742 tu
774 1699 874 1742 mihi
911 1713 979 1752 es,
1015 1699 1219 1755 nobisque
1252 1712 1332 1742 una
1371 1697 1414 1740 de

323 1779 402 1822 hac
430 1777 628 1821 cathedra
659 1775 1005 1820 descendendum.
1063 1774 1148 1820 Sed
1179 1782 1417 1832 anteaquan

322 1854 602 1906 discedamus,
645 1853 788 1910 accipe
829 1853 973 1896 eodem
1010 1852 1091 1896 hoc
1123 1852 1240 1905 loco,
1280 1852 1415 1896 eadem

324 1933 403 1976 hac
431 1931 535 1975 hora
560 1930 758 1982 solemni,
790 1943 883 1973 cum
906 1927 1073 1972 monitis
1096 1942 1145 1971 ac
1170 1927 1414 1986 praeceptis,

325 2015 421 2052 vota
449 2008 569 2051 etiam
599 2006 744 2065 patriS.
834 2006 950 2050 Vitae
974 2005 1049 2049 tibi
1082 2004 1316 2050 felicitatem
1348 2019 1417 2048 ex-

325 2093 450 2144 opto,
480 2084 536 2128 fili
567 2084 797 2128 carissime:
851 2086 1128 2140 felicitatem
1168 2089 1303 2126 autem
1338 2094 1414 2125 non

324 2162 530 2219 vulgarem
564 2161 681 2214 dico,
723 2175 829 2217 quae
857 2159 1032 2218 opibus,
1070 2159 1324 2213 honoribus,
1348 2157 1414 2201 ia-

324 2240 391 2280 ma
423 2238 758 2292 commendatur,
803 2237 911 2280 illam
939 2235 1013 2280 tibi
1037 2247 1266 2293 apprecor',
1297 2249 1414 2293 quam

323 2315 504 2374 optimus
541 2315 713 2372 quisque
740 2313 915 2358 maxime
951 2312 1127 2372 expetit,
1157 2326 1262 2369 quae
1289 2309 1414 2356 mori-
