1492 2896
274 257 658 314 PHILOSOPHICO
669 284 682 292 -
694 258 997 301 HISTORICA·
1111 272 1182 312 125

82 371 335 429 ditffcontinuo
361 372 396 408 iu
429 383 570 408 morum
605 382 646 407 ea
679 378 795 408 aetate
826 370 1060 418 popularium
1093 380 1183 409 suo-

82 425 161 498 rum
186 440 486 497 descriptionem.
540 440 777 488 ‚‚Civitas‚’'
806 441 956 488 inquit,
988 440 1183 488 „incredi-

20 525 23 528 ·
85 511 158 548 bile
186 520 384 548 memoratu
406 520 460 548 est
477 540 487 557 ‚
519 512 648 560 adepta
674 510 866 555 libertate,
901 519 1077 557 quantum
1103 510 1188 549 bre·

85 582 121 631 vi
159 582 330 621 creverit.
371 590 467 618 tanta
504 580 641 628 cupido
678 579 813 628 gloriae
847 582 1057 617 incesserat.
1107 580 1219 630 Jam.

84 652 243 707 primum
278 654 477 700 juventus,
516 651 626 688 simul
672 649 806 687 laboris
846 660 887 686 ac
926 649 1010 686 belli
1046 649 1188 696 patiens

85 733 191 778 erat,⁴
212 722 404 777 incastris
426 705 491 769 per
514 721 675 758 laborem
701 730 771 757 usu
801 718 964 757 militiam
998 718 1189 757 discebat:

86 793 277 843 magisque
296 793 333 829 in
357 789 500 830 decoris
526 790 635 828 armis
657 798 693 828 et
713 788 933 827 militaribus
958 788 1062 837 equis
1083 800 1192 835 quam

89 864 126 901 in
177 862 327 917 scortis*
358 870 471 909 atque
516 860 699 898 conviviis
746 858 945 897 lubidinem
995 858 1192 898 habebant.

88 933 207 981 Igitur
236 932 371 970 talibus
402 931 491 969 viris
517 942 592 968 non
615 930 719 967 labos
747 929 921 967 insolitus
939 957 952 974 ‚
985 939 1062 966 non
1085 930 1194 985 locus

89 1003 187 1042 ullus
220 1013 327 1049 asper
362 1009 425 1039 aut
457 1001 594 1038 arduus
629 1008 737 1046 erat,
769 1009 846 1036 non
881 1006 1041 1053 armatus
1074 998 1194 1037 hostis

88 1072 380 1111 formidolosus:
408 1071 528 1108 virtus
556 1069 678 1106 omnia
704 1069 912 1107 domuerat.
967 1068 1039 1105 Sed
1060 1067 1198 1115 gloriae

91 1153 302 1196 maxumum
326 1148 507 1178 certamen
540 1139 635 1176 inter
670 1140 775 1186 ipsos
809 1145 906 1176 erat:
941 1138 996 1175 sic
1026 1125 1075 1175 se'
1098 1138 1200 1185 quis-

92 1223 164 1260 que
194 1213 339 1249 hostem
374 1209 510 1257 ferire,
540 1219 684 1246 murum
717 1206 967 1255 adscendere,
1001 1206 1201 1257 conspici,

91 1284 179 1322 dum
210 1284 281 1320 tale
307 1280 451 1319 facinus
477 1280 641 1326 faceret,
671 1278 914 1327 properabat:
946 1291 1005 1317 eas
1030 1279 1201 1325 divitias,

94 1364 170 1391 eam
188 1352 321 1390 bonam
345 1350 476 1389 famam
497 1361 736 1397 magnamque
756 1349 985 1388 nobilitatem
1007 1349 1200 1397 putabant.

95 1422 235 1461 Laudis
260 1421 382 1467 avidi,
407 1419 582 1468 pecuniae
611 1420 777 1458 liberales
810 1426 937 1457 erant:
969 1418 1122 1468 gloriam
1149 1418 1204 1456 in-

96 1501 267 1546 gentem,
306 1490 451 1530 divitias
489 1491 662 1529 honestas
701 1488 1010 1536 volebant”(1).
1067 1486 1205 1526 Tribui

97 1571 217 1600 autem
257 1563 344 1599 haec
386 1561 508 1598 omnia
546 1559 727 1609 imprimis
767 1560 969 1607 praeclarae
1006 1568 1205 1606 puerorum

97 1631 416 1684 apudbRomanos
443 1629 653 1668 educationi
680 1628 839 1674 debent,
874 1629 928 1666 uti
959 1640 1005 1667 ex
1029 1629 1102 1666 hoc
1130 1627 1207 1665 Sal-

97 1702 200 1740 lustii
234 1703 321 1751 loco
354 1700 443 1738 satis
482 1709 595 1748 patet.
660 1700 783 1737 Patres
810 1698 875 1736 filii
903 1699 939 1736 in
966 1697 1119 1743 forum,
1146 1708 1210 1734 co·

100 1772 225 1822 mitia,
253 1783 341 1817 rus,
365 1769 529 1808 militiam
557 1769 835 1816 sequebantur,
861 1766 1027 1815 quotidie
1046 1766 1083 1803 in
1107 1766 1208 1804 atriis

102 1842 279 1889 maJ‘Orum
318 1839 554 1877 intuebantur
591 1838 766 1886 imagines
794 1837 891 1885 (ει),
943 1836 1112 1885 publicas
1145 1848 1210 1887 auf·

102 1910 252 1947 diebant
288 1908 547 1946 defunctorum
581 1908 770 1954 virorum,
809 1906 875 1954 qui
909 1907 1050 1956 optime
1082 1907 1126 1946 de
1151 1919 1214 1955 pa-

103 1980 171 2034 tria
195 1988 425 2025 meruerant,
453 1981 490 2016 in
516 1976 599 2015 foro
627 1977 672 2016 ad
698 1985 817 2015 rostra
842 1976 967 2014 laudes
985 2007 999 2024 ‚
1028 1988 1104 2025 quo
1128 1988 1213 2025 spe·

102 2050 247 2088 ctaculo
290 2060 396 2086 verae
435 2048 555 2085 laudis
600 2056 637 2085 et
680 2047 829 2086 virtutis
874 2048 1032 2097 cupidus
1064 2033 1212 2097 juvenis

102 2120 238 2176 nullam
269 2118 461 2167 pulchrius
492 2118 627 2157 intueri
660 2127 804 2167 poterat
832 2117 915 2167 (3).
979 2117 1039 2157 Sic
1076 2118 1213 2166 patriae

1146 2189 1216 2226 alc-

148 2266 203 2305 (ι)Α
223 2265 355 2295 Sallust.
382 2266 423 2293 B.
453 2266 485 2293 C.
509 2274 537 2293 e.
563 2275 591 2303 7.

150 2320 197 2357 (με)
226 2317 357 2348 Sallust.
381 2319 421 2346 B.
443 2318 476 2347 J.
500 2328 527 2347 c.
548 2318 579 2347 4.

149 2371 195 2410 ’ζέἱῇ
224 2371 334 2409 Polyi».
362 2370 434 2410 Lib?
463 2370 522 2400 VI·
550 2381 578 2399 e.
603 2370 651 2400 55-
