1492 2896
430 235 947 277 PRAEFATIO,
1173 244 1234 272 vn

172 363 233 402 Ne
267 370 387 399 tamen
418 359 672 406 'existimeti8‚
715 360 797 397 Viri
832 357 1064 398 Clarissimi!
1108 356 1239 395 leviter

124 484 185 512 me·
208 482 244 511 et
270 473 441 511 audacter
467 470 724 519 gravissimum
752 477 1010 518 argumentum
1031 466 1152 505 fuisse
1176 477 1243 515 ag·

123 583 320 631 gressum3
354 566 451 619 bona
477 579 616 626 verba,
646 588 801 626 quaeso.
857 577 896 615 Si
918 576 1007 623 cui,
1032 576 1122 614 mihi
1146 584 1246 614 cette

125 690 235 738 plane
269 696 324 725 est
361 697 612 736 persuasum,
649 693 787 733 quanta
823 685 904 729 sit,
937 685 1020 723 sive
1047 684 1132 733 quis
1160 686 1250 723 doc·

128 797 244 835 trinae
287 806 386 833 meae
419 794 685 833 animadvertat
724 793 898 844 copiam,
940 793 1021 831 sive
1065 792 1247 831 orati0nis

126 903 340 953 elegantiam
368 911 405 941 et
431 903 660 950 bonitatem,
699 903 833 941 virium
863 914 1026 942 mearum
1053 902 1250 940 imbecilli-

127 1020 200 1049 tas.
249 1014 305 1051 At
339 1023 427 1049 vero
460 1022 539 1049 non
565 1011 686 1049 doctis
714 1011 839 1058 viris,
882 1011 948 1059 qui
988 1012 1027 1049 in
1062 1012 1250 1050 literarum

130 1118 257 1156 studio
291 1119 399 1166 quasi
435 1119 715 1158 tabernaculum
753 1121 852 1158 vitae
885 1132 974 1159 suae
1013 1129 1248 1170 posuerunt,

131 1229 213 1267 Vos
245 1227 408 1267 certandi
453 1240 622 1278 campum
666 1230 889 1279 aperuistis3
928 1231 994 1269 sed
1022 1231 1249 1280 juvenibus,

131 1337 264 1376 attium
293 1337 534 1387 ingenuarum
561 1339 772 1387 studiosis,
806 1349 848 1377 ut
870 1340 1002 1379 idonea
1028 1341 1122 1389 ipsis
1149 1340 1250 1378 exhi—

134 1446 283 1486 beretur
314 1458 399 1486 cum
430 1449 546 1487 studii
579 1448 700 1486 alendi
727 1458 806 1486 tum
832 1448 969 1488 virium
995 1449 1254 1498 periclitanda-

136 1568 218 1594 rum
246 1557 409 1595 occasio.
480 1558 588 1607 Quae
622 1569 738 1607 quum
766 1568 972 1608 reputarem
991 1587 1004 1606 ‚
1032 1558 1170 1598 factum
1198 1568 1254 1597 est

138 1674 180 1704 ut
211 1666 367 1705 alacrius
404 1668 450 1705 ad
476 1658 552 1706 rem
583 1669 808 1708 tractandam
837 1680 896 1706 me
924 1669 1151 1718 accingerem
1180 1680 1257 1707 ma-

140 1773 288 1822 nusque
331 1776 435 1825 operi
487 1777 747 1825 admoverem3
801 1777 838 1815 in
881 1788 959 1825 quo
1002 1789 1077 1825 qua
1114 1779 1256 1816 ratione

142 1891 311 1921 versatus
345 1884 445 1932 sim,
480 1886 544 1924 vix
583 1898 681 1935 opus
713 1896 770 1925 est
805 1897 846 1925 ut
872 1888 1004 1926 dicamss
1058 1888 1134 1937 Ipsi
1163 1889 1256 1928 anti-

145 1993 210 2041 qui
251 1994 329 2032 viae
364 1996 455 2033 mihi
485 1995 564 2034 fere
596 1998 708 2035 duces
740 1997 922 2046 fuerunt,
963 2010 1071 2046 quam
1109 2000 1256 2048 egregio

145 2103 376 2148 quorundam
405 2102 500 2141 inter
532 2104 753 2143 recentiores
778 2107 916 2146 lumine
941 2107 1125 2146 illustrare
1147 2109 1258 2146 inter-

147 2211 256 2258 dum,
283 2224 415 2265 operae
445 2214 603 2262 pretium
629 2213 711 2252 fore
732 2216 875 2264 putavi.

200 2319 270 2357 Iam
300 2332 387 2358 vero
407 2350 417 2366 ‚
446 2322 550 2369 Vos,
582 2324 662 2361 Viri
686 2324 921 2363 Clarissimi!
958 2327 1167 2365 certaminis
1191 2329 1259 2365 hu-

1199 2440 1260 2486 jus
