1492 2896
248 225 326 276 μιο
575 210 1082 265 INTROITUS.

273 323 446 369 civitate,
471 322 612 371 quippe
631 333 723 369 quae
751 332 795 359 ex
814 306 995 359 ainicitiae
1016 318 1142 359 studio
1169 319 1276 368 quasi
1300 328 1386 364 nata

271 394 345 441 sit,
380 393 456 431 vim
490 403 524 430 et
558 391 815 429 auctoritatem
857 391 1002 444 egregie
1037 374 1383 440 agnoscerewsslicet„

270 463 363 501 Non
387 471 472 500 ante
499 473 640 498 morum
667 460 853 508 probitate
884 470 920 497 et
950 460 1136 506 aequitate
1167 447 1298 498 civitas
1322 460 1379 511 vi-

269 544 354 582 gere
387 532 549 580 putanda
581 541 666 577 est,
705 541 814 578 quam
841 530 914 567 hoc
942 529 980 566 in
1009 520 1145 567 civium
1172 530 1303 580 animis
1329 513 1388 570 in-

267 603 412 645 haereat
435 611 472 640 et
499 600 653 639 infixum
683 590 759 647 sit,
796 608 837 638 ut
861 603 924 647 τὴν
947 602 1004 640 ἐπὶ
1028 603 1092 651 μὲν
1119 608 1192 655 τοῖς
1219 605 1382 656 αἰσχροῖς

266 675 468 723 αἰσχύνην,
505 673 564 712 ἐπὶ
600 674 636 713 δὲ
671 678 743 716 τοῖς
780 678 902 716 καλοῖς
942 672 1152 722 φιλοτιμίαν
1196 681 1380 720 perpetuo

268 744 364 781 alere
390 742 586 788 studeant,
618 753 732 790 quum
759 740 836 779 fieri
862 752 939 779 non
966 741 1114 789 possit,
1147 750 1189 780 ut
1213 742 1296 781 sine
1319 742 1379 782 his

269 822 333 851 aut
357 813 489 851 civitas
517 821 579 849 aut
604 811 772 859 privatus
798 812 911 848 homo
933 822 1063 860 magna
1080 811 1162 849 edat
1184 820 1221 850 et
1241 811 1385 863 nobilia

266 881 535 930 facinora(1).
583 881 736 930 justitia
781 881 894 930 igitur
931 893 1045 929 quum
1080 883 1226 921 *natura
1263 882 1385 934 simusv

269 964 398 991 omnes
431 951 614 1000 praediti,
653 951 689 988 id
722 950 833 988 nobis
864 950 903 988 in
936 950 1038 988 civili
1071 951 1251 989 societate
1268 963 1383 1000 ,prae-

266 1023 439 1065 standum
462 1031 541 1068 est,
567 1030 609 1058 ut
633 1032 678 1058 ne
698 1020 895 1071 alteri-vim
916 1020 1133 1070 injuriamve
1153 1019 1380 1073 inferamus,

266 1095 353 1131 dum
391 1104 462 1130 nos
496 1101 595 1129 vetat
632 1091 852 1128 verecundia
891 1089 998 1128 factis
1033 1090 1066 1127 ei
1106 1090 1266 1129 dictisve
1301 1090 1382 1129 fieri

266 1163 410 1203 invisos
436 1163 592 1212 ejusque
619 1161 847 1198 voluntatem
874 1171 894 1197 a
919 1159 1030 1197 nobis
1058 1160 1264 1198 abalienare
1291 1160 1380 1214 (2).

317 1232 389 1270 Est
419 1238 541 1268 autem
575 1228 707 1267 civitas
738 1237 869 1266 coetus
899 1239 975 1266 non
995 1230 1106 1283 jurzss
1131 1238 1274 1285 tantum
1296 1242 1381 1269 con-

266 1313 394 1348 sensu,
424 1308 464 1338 ut
494 1312 513 1337 e
539 1300 725 1338 Cicerone
748 1299 920 1336 novimus
937 1326 950 1346 ‚
974 1299 1040 1336 sed
1065 1283 1245 1345 utilitatis
1270 1298 1380 1349 etiam

264 1373 512 1410 communione
535 1369 713 1407 sociatus.
758 1368 839 1416 Ipsi
864 1367 1140 1406 communionis
1165 1377 1201 1406 et
1225 1369 1383 1414 societaq·

268 1442 318 1480 tis
344 1440 469 1479 studio
495 1439 663 1478 civitates
691 1437 864 1485 antiquae
894 1438 1095 1484 primordia
1121 1449 1187 1476 sua
1216 1449 1381 1487 magnam

268 1519 407 1559 partem
443 1509 640 1548 debebant.
695 1509 737 1546 In
775 1507 859 1555 ipso
898 1516 1019 1545 autem
1060 1509 1264 1555 civitatum,
1290 1509 1383 1547 flore

269 1581 437 1619 manebat
471 1579 683 1617 communio
722 1578 811 1624 illa,
852 1579 924 1614 imo
959 1589 1048 1615 vero
1076 1578 1255 1631 florebant
1281 1580 1384 1627 vige-

268 1653 433 1699 bantque
463 1648 726 1687 communione
762 1647 942 1687 civitates.
999 1650 1087 1694 „Tb
1108 1651 1173 1696 μὲν
1199 1651 1271 1699 γὰρ
1291 1649 1327 1690 ἕν
1345 1666 1382 1691 τι

271 1722 358 1763 εἶναι
386 1723 485 1769 γένος
518 1721 698 1769 ὁμόφωνον
729 1720 787 1758 καὶ
813 1719 994 1766 ὁμόνομον.
1025 1718 1103 1767 ἔχει
1126 1721 1206 1759 τινὰ
1228 1721 1382 1768 Φιλίαν,

1313 1805 1384 1845 κον·

312 1876 360 1934 (ἰ)
387 1894 468 1923 piat.
496 1896 607 1934 symp.
631 1903 662 1931 p.
685 1892 755 1932 178.
779 1890 823 1920 D.

311 1949 358 1988 (2)
383 1947 562 1987 Utramque
582 1947 735 1977 virtutem
756 1946 959 1984 conjunctam
980 1942 1052 1973 vide
1074 1952 1124 1981 ap.
1140 1941 1271 1971 Hesiod.
1296 1941 1383 1981 Opp.

271 2004 370 2032 Dier.
391 2012 439 2031 vs-
455 2012 534 2041 192,
564 2001 650 2041 195.;
676 1999 756 2027 Plat.
779 1999 817 2027 de
844 2000 946 2039 Legg.
969 1997 1044 2026 Lib.
1068 1995 1152 2026 XII.
1173 2007 1205 2034 p.
1232 1994 1302 2035 945.
1319 1994 1384 2032 D.;

271 2054 341 2084 Cic.
363 2056 401 2084 (Ze
416 2056 480 2095 Off'.
508 2053 584 2083 Lib.
605 2054 630 2082 1.
645 2064 672 2082 c.
690 2053 759 2090 28.;
783 2050 882 2081 Ovid.
898 2052 994 2081 Fast.
1009 2050 1085 2079 Lib.
1103 2050 1132 2080 I.
1148 2060 1195 2079 vs.
1210 2048 1386 2088 249.8qq.;

273 2107 439 2137 Plutarch.
463 2109 496 2136 in
524 2108 607 2137 Vita
626 2106 720 2136 Tl'zes.
744 2116 770 2134 c.
793 2106 823 2135 6.
847 2108 878 2133 et
900 2104 1063 2144 adpritzc.
1078 2104 1201 2132 indoct.
1217 2101 1358 2132 Vol.1X
1373 2123 1384 2139 ,

272 2162 322 2192 ed.
343 2159 452 2190 Reisk.
474 2171 506 2199 p.
522 2160 608 2196 134.;
636 2160 733 2190 Dion.
751 2158 855 2188 Halic.
877 2159 963 2188 Ant.
977 2159 1073 2187 Rom.
1089 2155 1166 2186 Lib.
1181 2154 1245 2187 VI.
1265 2166 1295 2187 e.
1309 2155 1361 2187 36.
1372 2177 1384 2193 ,

274 2221 330 2260 qui
358 2225 461 2250 tamen
488 2220 684 2249 modestiam
719 2216 825 2245 addit:
863 2214 1001 2254 „AZSAEg
1029 2226 1069 2247 τε
1091 2214 1148 2247 καὶ
1174 2213 1300 2255 κόσμος
1327 2215 1388 2247 καὶ

273 2278 370 2316 δίκη,
413 2274 473 2317 ὑφ’
517 2275 557 2310 ὧν
598 2276 614 2313 ἦ
656 2277 753 2307 πᾶσα
798 2274 952 2306 κοινωνίαι
993 2274 1157 2310 πολιτικῆ
1197 2268 1383 2316 σώζεται.”

273 2333 345 2364 Alia
370 2333 564 2370 scriptorum
590 2330 659 2359 loca
681 2328 761 2358 citat
780 2327 868 2358 doct.
891 2325 1028 2363 Ekker,
1051 2324 1073 2356 l.
1089 2324 1111 2356 l.
1127 2325 1225 2365 p.51.
