1492 2896
1176 247 1243 277 xxi

134 338 386 398 l'enburg,
419 339 450 382 I.
469 339 521 383 R.
547 355 610 383 DE
631 338 862 386 BRUEYS
878 373 889 393 ‚
921 343 1067 388 diebus
1098 346 1240 400 lunae,

135 408 304 463 martis,
333 409 550 463 mercurii,
580 411 684 455 iovis
715 418 755 455 et
786 412 969 465 veneris,
1000 415 1105 458 hora
1126 416 1158 459 l.

185 489 602 551 Encyclopaediam
631 498 749 538 iaris
780 494 812 538 Ι.
829 495 884 540 R.
904 512 966 540 DE
980 497 1213 543 BRUEYS
1226 532 1237 552 ‚

124 563 270 608 diebus
302 565 448 617 lunae,
491 560 594 609 hora
629 565 690 618 X,
734 566 926 610 mercurii
971 575 1009 613 et
1051 569 1236 624 veneris,

120 633 227 678 hora
259 634 331 679 XI.

174 722 420 762 Elementa
458 721 751 763 oeconomiae
773 724 997 777 politicae
1042 723 1072 767 Ι.
1094 724 1147 767 R.
1168 739 1230 767 DE

120 787 381 844 BRUEYS,
412 789 558 834 diebus
585 790 731 842 lunae,
755 791 900 836 martis
925 799 965 836 et
988 792 1115 846 iovis,
1148 793 1231 838 ho-

120 873 168 901 ra
200 858 272 903 XI.

175 921 493 992 Institutiones
519 938 771 988 Iustiniani
810 946 862 989 A.
877 946 924 990 C.
944 946 1230 999 HOLTIUS‚'

117 1004 265 1056 diebus
297 1013 442 1065 lunae,
472 1014 641 1066 martis,
671 1015 889 1070 mercurii,
922 1016 1025 1060 iovis
1044 1025 1227 1062 etvene-

114 1081 197 1136 ris',
238 1082 346 1126 hora
365 1082 437 1127 IX.
502 1128 504 1134 χ

166 1169 435 1209 Historiam
451 1168 583 1209 Iuris
595 1169 791 1213 Romani
816 1172 996 1224 privati
1014 1172 1083 1213 'ad
1106 1173 1225 1214 Con-

112 1235 364 1280 stantinum
378 1268 390 1290 ,
412 1238 640 1282 secundum
659 1253 731 1282 sua
749 1242 1050 1283 Lineamenta
1062 1274 1073 1294 ,
1095 1244 1224 1298 (quae

111 1315 305 1366 prostant
323 1307 436 1367 apud
452 1307 703 1352 Academiae
720 1309 1074 1371 Typographurn)
1104 1314 1157 1356 A.
1173 1313 1221 1356 C.

107 1378 389 1432 HOLTIUS,
421 1377 566 1423 diebus
604 1380 723 1424 lunae
753 1387 793 1423 et
821 1381 1003 1435 veneris,
1034 1382 1139 1427 hora
1161 1383 1225 1436 1.,

107 1448 173 1494 die
192 1449 375 1502 saturni,
404 1449 509 1493 hora
530 1451 580 1495 X.

164 1536 429 1576 Historiam
465 1536 674 1588 gentiam
715 1537 1019 1578 recentiorum
1054 1532 1220 1592 poli-ti-

109 1621 209 1647 cam
240 1603 708 1658 LACKERSD-YCK,
740 1605 899 1650 -diebus
930 1607 1072 1660 lunae,
1102 1613 1223 1652 mer-

108 1676 223 1719 curii‹
239 1682 279 1719 et
306 1675 489 1728 veneris,
525 1676 631 1719 hora
653 1676 748 1721 XII.
1056 1702 1060 1704 -

108 1800 109 1803 ,
163 1761 652 1815 Rerumpablinaram,
671 1763 890 1816 inprimis
907 1767 1120 1817 patricie,
1134 1781 1220 1805 no·-

109 1833 260 1872 titiam
282 1830 313 1873 l.
328 1829 749 1883 ACKERSDYCKr
772 1831 920 1875 diebus
944 1834 1113 1886 martis,
1145 1834 1221 1878 io-

106 1899 166 1944 vis
197 1907 236 1943 et
263 1900 447 1953 saturni,
481 1901 587 1944 hora
616 1901 710 1945 XII.

163 1988 248 2027 [as
278 1987 505 2027 Naturale
546 1984 580 2028 1
598 1983 647 2027 F.
658 1984 722 2036 Μ.
750 1953 1087 2049 ΒΙΒΝΒΑΒΜ,
1122 1987 1217 2032 die-

92 2056 184 2099 'bus
216 2054 386 2108 martis,
419 2052 525 2099 iovis
557 2062 598 2098 et'
631 2055 950 2108 vene1ls‚hora
980 2050 1092 2102 VIII.

159 2142 246 2182 Ius
273 2139 519 2182 Public-am
553 2140 597 2180 et
626 2140 838 2183 Gentilem
864 2139 960 2185 LF.
975 2142 1033 2185 ΙΙΙ.
1049 2140 1212 2186 BIRN-

104 2205 295 2261 BAUM‚
331 2207 477 2268 diebus
506 2210 624 2254 lunae
646 2217 687 2254 et
709 2218 824 2254 qutun
826 2225 890 2265 m
918 2211 1022 2256 flora
1041 2213 1112 2266 Χ,,
1146 2215 1216 2257 die

104 2281 281 2334 martis,
304 2280 412 2324 hora
433 2280 510 2325 ΙΧ.
