1492 2896
431 257 794 302 ORATIO.
1127 266 1173 303 Μ

71 389 326 446 disquirendi
341 391 512 450 ‘negotio
535 392 741 452 praecipit
767 393 891 437 nobis
907 425 919 446 ,
942 401 988 438 ut
1008 409 1061 439 ne
1076 395 1186 452 quid·

71 466 178 513 scire
215 467 452 523 videamur,
497 469 570 514 ubi
607 469 708 514 nihil
738 470 910 527 scimus,
941 473 1016 516 sed
1041 473 1183 517 utin-

70 543 302 600 quirendo,
341 546 633 605 comparando
652 579 663 600 ,
701 547 927 603 judicando
958 550 1012 593 ad
1042 565 1191 595 rerum-

74 620 297 668 seientiam.
319 623 568 668 accedamus
598 625 813 683 paulatim.
886 626 953 669 Etv
971 642 1071 671 vero
1101 628 1184 671 hoc

70 697 235 743 demum
256 700 616 745 rectesactitando
632 702 831 747 mortales
850 702 931 747 sibi
949 703 1056 748 viam
1069 720 1189 762 *ape-

71 780 255 821 ruerunt
277 777 330 820 ad
355 792 428 822 vres
467 778 628 824 divinas
667 786 792 836 atque
831 780 1037 825 humanas
1081 797 1185 841 per-

74 853 320 898 scrutandas
349 855 749 913 cognoscendasque
774 864 899 902 recte.
951 857 1028 903 Uti
1051 864 1186 902 autem

72 929 186 974 hunc
212 930 258 974 in
295 931 466 975 modum
506 925 777 992 philosophia
817 941 928 993 artes
966 949 1112 979 omnes
1151 945 1189 979 et

75 1008 288 1052 doctrinas
317 1009 633 1068 complectitur,
661 1011 748 1055 imo
778 1026 878 1057 vero
903 1012 1046 1058 visua
1071 1015 1190 1070 quasi

79 1085 237 1129 animat
261 1093 299 1129 et
326 1086 576 1139 foecundat,
608 1088 666 1131 ita
693 1088 900 1133 habemus
922 1104 1045 1142 sane,
1076 1092 1190 1147 quod

77 1162 240 1221 patriae
266 1171 434 1207 nostrae
459 1171 499 1207 et
525 1163 777 1209 Academiae
804 1166 1072 1223 gratulemur.

104 1242 107 1244 ’
133 1239 384 1285 Scholarum
414 1240 763 1300 philosopharum
791 1257 863 1287 seu
887 1244 1028 1302 potius
1054 1252 1194 1288 meta-

75 1317 342 1377 physicarum
359 1326 562 1364 auctores
577 1303 725 1379 *patria
752 1327 895 1364 nostra
918 1336 1004 1365 non
1028 1324 1193 1381 peperit

73 1397 202 1449 tales,
234 1397 377 1453 quales
400 1397 512 1456 apud
533 1398 769 1442 Germanos
788 1398 1040 1458 'prodierunt
1057 1400 1195 1444 Wol-

79 1473 183 1526 stus,
216 1473 419 1527 Kantius,
450 1473 752 1534 Schellin'gius,
786 1490 835 1520 ac
867 1477 1091 1521 novissima
1122 1477 1198 1522 ae-

75 1558 161 1595 tate
186 1551 405 1609 Hegelius:
433 1555 511 1597 nec
541 1560 680 1597 tamen
708 1553 1196 1615 destituta—philosophis

79 1628 167 1672 snit.
212 1628 319 1672 .Imo
357 1644 468 1673 veroa
492 1637 557 1674 tot
590 1630 782 1690 peperit,
822 1633 1075 1692 quot'apud
1117 1648 1195 1678 nos

77 1704 317 1750 exstiterunt
339 1706 479 1763 magni
503 1706 546 1749 in
573 1707 686 1750 omni
719 1708 1007 1753 doctrinarum
1044 1725 1195 1767 genere

74 1780 167 1826 viri.
183 1782 323 1825 ,Nam
351 1783 495 1839 quidni
519 1784 601 1827 hoc
628 1785 796 1829 nomine
821 1785 865 1829 in
888 1786 1064 1830 Medicis
1091 1802 1195 1832 cen—

79 1865 243 1905 seamus
266 1858 546 1913 Boerhavios,
575 1861 618 1904 in
643 1861 832 1921 Physicis
864 1864 1096 1923 Camperos
1111 1897 1123 1919 ,
1148 1866 1190 1909 in

77 1933 197 1978 Jctis
233 1934 460 1988 Pestelios,
505 1937 548 1980 in
589 1937 816 1997 Theologis
862 1939 1110 1999 Vitringas,
1147 1943 1191 1987 in

78 2010 382 2056 Literatoribus
401 2020 441 2056 et
460 2012 623 2058 Criticis
640 2014 974 2062 Hemsterhusios
989 2022 1190 2064 nostros?

72 2087 340 2147 philosopho
387 2089 444 2133 illi
487 2090 636 2149 singuli
678 2093 891 2148 acumine,
934 2096 1188 2157 philosopha

72 2156 314 2222 inquirendi
340 2168 532 2223 solertia,
555 2168 812 2230 philosopha
840 2172 1072 2218 disserendi
1092 2176 1192 2220 dili-

82 2241 354 2299 gentia-suam
379 2245 534 2301 quique
557 2259 651 2290 cum
681 2247 914 2293 doctrinam
940 2259 1031 2295 ‘tum
1056 2252 1187 2297 disci-

78 2319 232 2378 plinam
275 2326 313 2365 et
353 2321 610 2368 illustrarunt
653 2332 693 2370 et
735 2336 1028 2385 provexerunt.
1103 2332 1189 2375 Nec
