1492 2896
257 260 326 305 ηε
641 253 962 305 Distsmo

256 367 386 413 risque
410 363 577 402 destituti
609 361 850 411 opinionibus
869 391 882 410 ,
914 363 1015 410 vulgi
1042 374 1146 401 aures
1173 363 1271 401 varie
1301 373 1363 401 ca⁸⁴

261 435 411 484 piabant
438 443 473 471 et
502 432 701 471 adulatoria
728 433 799 470 istst
824 441 901 470 arte
927 433 984 469 usi
1002 433 1231 480 juventutem
1254 433 1362 481 piane

261 502 545 552 corrumpebant
566 503 648 552 (ι).
751 501 753 503 ’

312 572 444 611 Incidit
472 573 511 610 in
534 581 698 620 tempora
723 572 793 609 ista
815 571 949 608 bellum
966 597 979 617 ,
1006 571 1107 617 quod
1128 572 1283 619 dicitur,
1302 572 1368 610 Pe-

262 643 593 693 loponnesiacum,
621 654 640 679 e
666 653 742 689 quo
762 641 1038 679 acerbissimum
1061 642 1224 679 tulerunt
1251 641 1368 679 Athe-

263 712 712 758 mmoesstmmm‚m
753 710 1113 749 aLmfflaemmffi
1152 710 1286 747 &mm
1328 710 1368 747 m

263 784 443 821 crudelem
485 782 622 820 deinde·
659 781 893 829 pervenerint
936 780 1072 819 civium
1108 779 1372 827 quorundam,

263 852 412 900 triginta
455 860 695 900 tyrannorum
736 851 886 889 nomine
903 879 916 896 ,
965 849 1248 888 dominationem
1285 848 1367 897 (α).

261 922 376 961 Nulla
399 930 475 959 tum
496 919 569 959 fuit
594 920 726 968 populi
744 931 816 958 res.
858 920 935 968 Ipsi
952 919 1046 957 enim
1063 919 1206 967 tyranni
1224 929 1369 957 omnem

261 992 507 1040 deprimentes
542 989 681 1028 civium
724 990 929 1027 libertatern
971 989 1152 1037 optimum
1185 999 1370 1037 quemque

262 1061 494 1108 interficere,
528 1061 652 1110 ipsum
691 1060 780 1098 adeo
819 1059 1111 1105 Theramenem,
1142 1058 1205 1105 qui
1231 1057 1367 1095 civium

261 1130 599 1170 causanituendani
629 1129 883 1178 suscufiebat,
922 1129 1019 1166 haud
1042 1128 1262 1166 verebantur
1283 1127 1367 1176 (3).

262 1203 314 1240 At
349 1201 460 1238 simul
495 1210 636 1237 morum
664 1199 837 1236 honestas
862 1199 899 1236 in
927 1197 1075 1236 civitate
1103 1209 1168 1246 per
1193 1205 1269 1234 erat
1293 1196 1370 1233 exi·

260 1282 346 1320 gua.
410 1271 515 1309 Plato
550 1281 624 1306 rem
659 1269 791 1316 repetit
816 1281 835 1305 e
863 1277 998 1306 mutata
1022 1267 1179 1304 musices
1205 1266 1369 1314 ratione,

261 1339 482 1388 tragoediam
516 1338 671 1376 maxime
708 1347 743 1375 et
777 1338 1002 1375 comoediam
1044 1337 1243 1384 respiciens
1270 1337 1368 1386 (4),

1279 1418 1373 1454 quae

305 1473 352 1512 (ι)
377 1470 600 1509 Sophistarum
625 1468 825 1508 disciplinam
856 1478 1029 1508 eorumque
1054 1468 1181 1498 noxiam
1204 1469 1238 1497 in
1263 1478 1372 1507 popu-

261 1526 328 1555 lum
354 1523 597 1554 Atheniensium
631 1523 696 1552 vim
724 1533 740 1552 e
766 1522 898 1552 Platone
931 1523 1051 1560 optime
1082 1521 1257 1553 illustravit
1282 1522 1370 1553 Nob.

262 1578 301 1607 de
316 1577 423 1614 Geer,
448 1588 480 1615 p.
498 1577 529 1607 4.
550 1587 622 1616 sqq.
646 1587 678 1614 p.
698 1576 750 1606 53.
768 1585 857 1616 sqq.;
883 1584 1019 1614 quocum
1047 1575 1187 1604 conferri
1209 1579 1373 1604 merentur

263 1632 314 1661 cl.
335 1642 364 1662 v.
376 1630 502 1660 Heusde
516 1651 524 1667 ‚
541 1631 625 1659 Init.
643 1630 717 1658 vol.
731 1628 784 1660 11.
800 1628 835 1659 P.
850 1629 877 1658 1.
892 1639 923 1667 p.
935 1629 982 1658 13.
997 1639 1068 1667 sqq.
1093 1632 1124 1657 et
1136 1628 1220 1658 doct.
1236 1628 1347 1659 Groen
1359 1649 1368 1664 ,

261 1684 509 1725 Prosopffllat.
530 1694 562 1721 p.
579 1693 629 1723 77.
647 1692 720 1722 sqq.

304 1739 352 1779 (α)
377 1737 530 1767 Cernitur
550 1736 609 1766 hac
633 1736 666 1764 in
692 1746 726 1765 re
756 1734 988 1774 Spartanorum
1012 1734 1193 1773 prudentia.
1247 1733 1373 1774 Quodsi

260 1792 346 1822 enim
370 1795 520 1821 externos
547 1791 701 1830 praeponi
728 1789 789 1818 sibi
815 1789 967 1820 vidissent
996 1787 1225 1823 Athenienses,
1255 1787 1289 1816 id
1308 1798 1371 1818 non

263 1850 385 1876 tantum
404 1855 468 1874 non
487 1843 659 1879 tulissent,
683 1843 738 1873 aed
756 1842 915 1871 libertatis
928 1851 1035 1871 amore
1050 1840 1181 1870 excitati
1194 1840 1289 1870 armis
1305 1851 1371 1871 eam

264 1899 460 1930 studuissent
478 1897 652 1928 vindicare.
714 1896 848 1927 Civibus
873 1906 949 1926 vero
975 1895 1038 1924 suis
1063 1894 1164 1924 multo
1190 1894 1370 1930 lubentius,

263 1963 371 1982 rerum
395 1955 478 1981 statu
502 1951 757 1990 acquiescentes,
786 1949 948 1978 obedituri
968 1947 1172 1977 videbantur.
1215 1946 1374 1977 Similiter

265 2009 397 2046 egerunt.
418 2009 526 2043 postea
546 2005 579 2033 in
602 2004 734 2033 Graecis
756 2003 940 2033 civitatibus
962 2000 1164 2030 Macedones.

307 2060 354 2099 (3)
381 2059 427 2088 De
444 2059 643 2088 Athenarum
661 2058 722 2087 hoc
739 2061 882 2094 ternpore
898 2055 1084 2086 conditione
1105 2054 1184 2093 legg.
1201 2053 1300 2083 Isocr.
1313 2052 1337 2081 1.
1351 2053 1372 2082 Ι.

263 2123 297 2151 p.
316 2111 384 2142 155.
415 2122 558 2151 quosque
584 2111 630 2139 ibi
657 2110 763 2140 laudat
792 2110 992 2148 Bergrnann.;
1028 2106 1179 2145 Xenoph.
1203 2106 1296 2135 Hist.
1314 2107 1373 2136 Gr.

264 2165 338 2194 Lib.
358 2165 401 2195 ΙΙ,
425 2175 452 2194 c.
467 2165 495 2194 3.
550 2164 646 2194 Plura
670 2164 791 2193 dabunt
813 2163 866 2192 Cl.
885 2162 1014 2197 Lumo,
1036 2161 1068 2189 in
1100 2160 1192 2191 anim.
1212 2158 1250 2187 ad
1273 2161 1370 2188 Orat.

263 2220 300 2247 ds
319 2219 407 2247 Socr.
425 2218 508 2250 cive,
533 2227 561 2254 p.
581 2218 648 2246 233.
663 2227 711 2256 sq.
738 2222 768 2245 et
794 2216 882 2246 doct.
906 2216 948 2245 D.
977 2214 1016 2243 Τ.
1044 2210 1264 2252 Siegenbcek‚
1288 2213 1368 2242 (liss-

264 2272 344 2300 hist.
365 2276 395 2299 et
418 2270 509 2299 liter.
533 2270 569 2298 de
591 2270 716 2299 Athen.
738 2270 860 2298 condit.
880 2268 936 2297 sub
961 2268 1036 2306 imp.
1058 2266 1213 2305 Triginta
1234 2267 1369 2304 Tyran-

262 2335 398 2356 norum,
422 2322 463 2351 L.
490 2322 520 2352 Β.
545 2323 636 2353 1828.

305 2376 353 2416 (4)
373 2375 451 2404 plat.
466 2376 504 2404 de
519 2377 620 2415 Legg.
639 2374 776 2405 Lib.111
798 2385 869 2415 700.
888 2374 1008 2412 D.sqq.
1040 2372 1090 2404 Cf.
1109 2371 1160 2401 Cl.
1176 2381 1205 2404 v.
1219 2369 1345 2400 Heusde
1357 2392 1365 2405 ‚

265 2431 348 2460 Init.
372 2428 449 2460 Vol.
466 2428 533 2458 111.
556 2439 586 2465 p.
599 2430 646 2459 63.
663 2439 710 2467 sq.
