1492 2896
272 264 666 321 PHILOSOPcho
678 305 694 313 -
708 281 1013 324 HrsToch.
1128 298 1145 325 1
1155 297 1200 334 15

82 374 317 428 Persicorum
340 390 500 429 historia
527 400 686 440 exstant.
741 392 969 431 Infestabant
993 404 1086 433 tunc
1109 394 1194 433 Per-

80 465 140 496 sae
171 445 396 498 Graecarum
433 461 627 500 civitatum
664 463 895 512 libertatem,
933 475 1089 505 cunctas
1125 466 1192 506 im-

79 528 184 576 perio
211 541 283 567 suo
318 531 500 580 subjicere
535 543 682 571 summo
711 534 836 581 studio
862 544 1053 575 conantes.
1102 537 1192 577 Inde

76 597 244 646 ingentes
274 601 326 638 illi
357 603 566 649 exercitus,
590 603 757 640 immensi
787 604 839 641 illi
860 605 1052 644 Persarum
1075 618 1188 656 appa-

75 673 206 716 ratus,
238 677 397 716 quorum
426 679 472 709 ne
503 668 642 710 similes
675 673 822 720 quidem
851 675 915 712 vix
940 675 1036 714 vidit
1060 680 1190 725 pos'te-

72 734 149 774 rior
174 745 286 777 ·aetaS.
340 734 412 778 Sed
444 736 532 779 inde
565 752 716 790 quoque
743 744 841 791 apud
868 743 1035 783 Graecos
1062 747 1188 785 aiacri-

73 811 128 843 tas
154 806 214 844 ill'a
241 816 276 846 et
303 809 434 847 bellica
469 810 616 857 virtus,
653 824 726 860 qua
760 814 932 862 majorem
969 816 1195 863 neutiquam-

69 876 272 915 memOrent
293 877 559 918 historicorum
581 882 731 929 scripta.
769 883 851 921 Nec
876 884 1007 932 utique
1033 886 1182 924 mirum.

69 942 223 985 Patriam
258 948 418 996 quisque
449 961 550 988 suam
588 951 633 988 ab
670 952 786 990 exitio
815 952 1033 992 defendebat
1064 957 1184 1002 leges-

70 1022 169 1062 que,
210 1017 347 1063 quibus
387 1020 524 1065 patriae
560 1016 742 1059 contineri
777 1023 933 1061 salutem
967 1023 1182 1074 civiumque

65 1085 320 1131 aequalitatem
350 1088 621 1129 existimabant.
663 1094 854 1142 Αὐτόνομοι
882 1085 1080 1143 hucusque
1101 1095 1182 1135 fere

63 1153 210 1193 fuerant
222 1155 376 1205 Graeci3
405 1162 617 1209 αὐτονομίαν
639 1164 718 1200 vita
740 1163 847 1201 etiam
872 1165 1044 1203 cariorem
1068 1166 1181 1205 habe-

62 1217 168 1262 bant.
221 1226 385 1265 Oderant
410 1229 667 1279 tyrannidem,
705 1245 799 1280 quae
823 1235 944 1282 legum
978 1239 1178 1276 auctorita-

61 1299 134 1331 tem
158 1292 329 1333 funditus
355 1299 508 1346 tollere,
535 1303 576 1341 τὸ
603 1304 759 1351 ἔσχατον
784 1310 849 1350 τῆς
860 1307 1010 1352 πόλεως
1039 1309 1177 1357 νόσημα

57 1359 194 1402 inferre
235 1367 385 1405 soleret.
454 1368 618 1409 oderant
666 1374 858 1413 Persarum
905 1376 1056 1425 Reges,
1106 1378 1173 1426 qui

58 1432 211 1474 ‘arbitrio
239 1435 316 1475 fere
343 1449 415 1476 suo
449 1451 505 1478 res
539 1442 864 1491 administrarent,
901 1446 1075 1485 subditos
1109 1458 1175 1486 ex-

54 1503 172 1555 ‘trema
202 1514 238 1544 'et
260 1507 445 1548 vilissima
481 1511 660 1550 servitute
685 1513 834 1552 vinctos
860 1518 1042 1555 tene'rent.
1095 1518 1172 1556 De-

55 1574 198 1622 nique,
232 1572 415 1616 Graecum
443 1579 475 1616 si
502 1582 644 1638 cogites
669 1583 769 1621 illius
794 1586 949 1624 maxime
974 1587 1096 1634 aevi‚·
1113 1589 1171 1627 vi-

55 1654 133 1682 rum
153 1643 291 1693 'cogita
325 1649 476 1696 ingenio
509 1651 766 1692 liberalissimo
785 1683 799 1702 ‚
831 1656 895 1693 cui
924 1657 1043 1696 carior
1069 1668 1168 1698 atro-

52 1713 199 1753 cissima
221 1728 322 1755 mors
347 1720 396 1756 sit
418 1720 492 1759 vita
519 1722 577 1759 vel
601 1723 753 1760 minimo
776 1726 930 1763 servitio
955 1731 1163 1776 transact'fi;

53 1783 174 1831 cogita
215 1789 462 1835 concordiae,
502 1789 764 1840 fortitudinis,
810 1795 948 1842 patriae
993 1798 1163 1848 amoris,

51 1850 312 1902 temperantiae
334 1857 574 1907 justitiaeque
598 1863 805 1910 exemplar,
825 1875 969 1903 morum
991 1863 1163 1908 universe

49 1922 286 1971 simplicitate
308 1937 344 1963 et
372 1927 579 1977 integritate
601 1933 861 1980 conspicuum.
901 1935 1161 1976 Communiter

48 1993 162 2041 igitur
184 1994 319 2033 Graeci
346 2009 443 2034 arma
472 1999 699 2048 induebant,
735 2004 983 2042 communiter
1003 2010 1160 2056 propul-

48 2065 304 2116 sareIhostem
334 2068 598 2118 conabantur,
639 2082 706 2108 nec
741 2074 839 2110 ullus
869 2056 1158 2124 'relinquebatur

17 2131 19 2133 ’
44 2133 213 2172 licentiae
234 2146 274 2173 ac
300 2136 504 2176 discordiae
526 2140 648 2179 loeus.
683 2142 830 2181 illustre
853 2144 965 2194 hujus
984 2148 1035 2185 rei
1056 2151 1156 2196 apud

45 2203 290 2244 Athenienses
316 2210 522 2256 exemplum
549 2220 692 2257 praeter
714 2214 781 2250 alia
808 2215 923 2252 multa
946 2216 1052 2255 affert
1078 2219 1156 2256 He-

40 2264 212 2312 rodotus.
267 2277 380 2314 Paulo
416 2287 498 2315 ante
530 2290 686 2329 pugnam
723 2283 768 2321 ad
803 2284 1010 2334 Salamina,
1041 2290 1151 2327 rebus

42 2343 86 2379 ad
112 2344 298 2392 angustias
331 2347 513 2394 redactis,
554 2351 769 2400 Aristides,
818 2359 940 2405 „52:129
971 2361 1149 2406 Ἀθηνκῒος

553 2419 586 2457 H
615 2432 636 2457 2
1058 2432 1147 2477 μὲν,
