1492 2896
476 272 857 317 ORATIO.
1116 270 1212 315 ,25

103 416 218 461 multi
267 414 372 475 ipsis
414 411 570 458 afferre
607 420 813 472 possunt,
859 408 949 467 est,
978 413 1215 471 patefacere

101 493 274 552 injurias
297 524 309 547 ,
355 492 505 550 quibus
542 491 790 536 afficiuntur.
823 520 875 526 -
904 491 1102 535 Profecto
1132 504 1218 535 non

99 570 158 615 ita
203 569 427 615 exstinctus
472 576 534 613 est
574 568 617 612 in
664 568 819 612 nostris
869 567 1028 612 civibus
1069 582 1215 613 sensus

100 648 332 701 humanus,
371 654 417 691 ut
455 646 520 690 his
558 645 708 689 auditis
746 652 872 702 atque
911 644 1078 688 creditis
1129 659 1217 689 non

103 723 263 770 oriatur
295 739 343 769 ea
387 722 694 768 commiseratio
714 755 725 776 ,
770 737 876 779 quae
921 721 995 766 ubi
1033 721 1077 765 id
1128 722 1217 768 fieri

98 810 240 862 potest
259 835 271 856 ,
299 801 531 847 actionibus
562 799 812 845 salutaribus
838 815 883 845 se
912 799 1068 859 prodit.

139 879 366 937 -Equidem
416 878 606 938 gaudeo,
665 877 873 922 nonnullis
911 878 1076 922 Patriae
1112 877 1216 921 locis

96 956 313 1001 meliorem
346 956 553 1000 redditam
580 955 706 1000 fuisse
741 955 1033 1000 Maniacorum
1065 954 1216 999 condi-

96 1033 280 1086 tionem,
313 1033 493 1078 humane
522 1047 615 1077 cum
652 1032 759 1092 ipsis
790 1033 887 1090 agi,
918 1032 1110 1077 inserviri
1145 1032 1216 1091 ip.

95 1124 240 1154 sorum
279 1110 540 1163 commodis,
574 1109 738 1168 aptiora
770 1124 859 1153 esse
900 1109 1138 1152 habitacula
1175 1116 1216 1153 et

95 1187 310 1240 aedificia,
370 1187 413 1231 in
445 1187 598 1244 quibus
640 1186 943 1231 custodiuntur.
1002 1187 1215 1230 Verunta-

94 1279 217 1316 men,
250 1265 366 1322 quod
387 1265 613 1309 maximum
642 1271 731 1317 est,
765 1278 864 1309 cura
893 1263 1055 1309 medica
1087 1272 1212 1322 atquc

96 1342 295 1401 regimine
323 1341 559 1387 necessario
587 1349 751 1395 carent,
792 1357 875 1399 qua
907 1341 1070 1387 sanatio
1107 1342 1219 1386 effici

96 1419 244 1479 possit.

155 1498 211 1541 At
259 1511 356 1541 vero
402 1512 606 1554 quaenam
647 1505 707 1542 est
754 1505 879 1555 atque
915 1498 993 1542 fuit
1022 1496 1211 1556 ipsorum

97 1573 283 1618 conditio
315 1573 404 1619 aliis
427 1575 470 1618 in
497 1574 601 1619 locis
629 1575 817 1619 Patriae!

154 1653 250 1697 Jam
277 1653 407 1697 verbo
429 1653 545 1711 attigi
570 1653 810 1697 vexationes
827 1684 838 1705 ,
860 1651 1042 1696 ludibria
1067 1667 1214 1711 agres-

98 1730 200 1775 tium
215 1730 432 1775 hominum
450 1762 461 1782 ,
475 1730 627 1787 quibus
645 1737 741 1773 sunt
759 1730 997 1784 commissi,
1010 1730 1184 1774 verbera
1200 1763 1212 1783 ‚

99 1807 249 1865 quibus
285 1806 570 1866 accipiuntur,
600 1807 791 1861 vincula,
825 1807 976 1864 quibus
1018 1807 1215 1852 crucian-

98 1891 190 1938 tur,
223 1898 371 1929 caveas
409 1891 448 1928 et
487 1898 677 1928 carceres
697 1916 709 1938 ‚
742 1884 894 1941 quibus
919 1884 1213 1942 includuntur,

44 2017 54 2020 ,
100 1969 224 2021 atque
253 1976 553 2018 nonnunquam
590 1976 683 2005 cum
726 1961 888 2005 furibus
929 1968 969 2006 et
1003 1962 1214 2007 sceleratis

98 2038 350 2085 hominibus,
391 2065 442 2071 -—
486 2038 665 2098 Cognita
705 2038 806 2082 mihi
843 2046 940 2083 sunt
975 2039 1018 2083 in
1061 2040 1214 2085 talibus

97 2116 450 2177 habitationibus,
498 2116 569 2160 ubi
604 2123 823 2175 praeterea
871 2124 1047 2174 uterque
1092 2132 1214 2163 sexus

96 2193 206 2238 inter
246 2208 291 2238 se
333 2193 579 2238 commixtus
619 2201 709 2237 erat
748 2193 956 2246 inclusus,
1001 2201 1148 2253 stupra
1190 2210 1213 2238 a

98 2270 301 2316 Maniacis
334 2270 572 2315 commissa.
600 2296 651 2305 --
681 2271 787 2316 Meis
834 2271 965 2315 oculis
990 2271 1089 2327 {vidi
1115 2272 1214 2317 Ma-

102 2347 243 2393 niacos
275 2348 409 2393 caveis
429 2381 439 2401 ‚
470 2348 521 2391 ad
550 2363 654 2405 quas
677 2349 793 2393 nulla
822 2349 887 2393 lux
911 2349 1084 2403 solaris,
1115 2352 1211 2395 nul-
