1492 2896
299 270 357 312 38
411 269 450 313 J.
467 270 512 314 L.
529 270 574 314 G.
589 269 941 316 SCHROEDER
955 286 1057 317 vAN
1069 290 1166 317 nna
1183 274 1342 320 1<th

300 409 399 454 dere
427 419 590 468 posset,
622 411 701 455 cito
727 422 1055 471 promoveretur.
1091 435 1135 445 -ν
1171 416 1275 458 Nam
1307 429 1398 458 cum

299 487 477 544 primum
501 487 545 530 in
568 502 678 546 pago
706 491 941 546 Oestgeest
970 504 1105 548 prope
1120 493 1401 548 Lugdunum

270 565 583 607 «Batavorum
597 596 609 617 ,
642 565 789 610 deinde
812 566 854 608 in
882 566 1001 611 Urbe
1021 568 1262 612 Zeelandica
1278 570 1399 612 Fus-

300 642 434 695 εἰπέ-,τα
454 647 494 684 et
517 641 683 686 tandem
707 646 928 686 Harlemi
957 644 1073 687 verbi
1107 645 1232 688 divini
1255 644 1408 689 minis-.

299 721 410 758 trum
442 715 723 762 fidelissimum
755 733 799 763 se
833 720 1131 778 praestitisset,
1170 719 1252 780 ipsi
1272 735 1401 765 nanno

301 791 413 836 1794
441 793 581 837 oblata
604 795 680 838 fuit
704 795 918 840 Cathedra
941 796 1195 855 Theologiae
1219 797 1263 839 in
1285 797 1402 840 Aca-

297 865 434 910 demia
469 867 818 926 Franequerana‚
870 886 993 928 quam
1034 880 1174 917 tamen
1211 873 1401 932 accipere

298 943 530 999 humaniter
568 947 785 992 recusavit.
833 971 890 983 -·-
918 949 1081 993 ‘Postea
1129 949 1274 994 eodem
1313 950 1399 994 fere

293 1027 482 1080 tempore
523 1021 732 1068 invitatus
761 1032 823 1069 est
866 1026 920 1068 ad
957 1025 1210 1070 Cathedram
1250 1026 1398 1071 Philo-

294 1097 467 1156 sophiae
505 1099 755 1145 theoreticae
800 1102 1161 1147 conscendendam
1198 1102 1241 1146 in
1280 1103 1397 1146 Gro—

294 1172 497 1230 ningana,
537 1175 792 1236 Theologiae
824 1193 921 1222 vero
956 1179 999 1222 in
1042 1185 1186 1223 nostra
1226 1178 1396 1223 Acade-

292 1251 387 1295 mia.
420 1275 471 1282 —
503 1252 700 1297 Nostram
728 1254 873 1312 elegit,
904 1270 1104 1312 suumque
1132 1269 1277 1298 munus
1307 1262 1396 1299 tum

294 1328 531 1387 auspicatus
570 1338 630 1374 est
665 1331 866 1375 Oratione
895 1331 1130 1389 lnaugurali
1165 1335 1220 1374 de
1253 1335 1395 1375 Juve-

293 1406 423 1447 nibus
467 1409 529 1448 ad
573 1409 886 1452 Christianum
931 1410 1252 1452 Sacerdotium
1280 1413 1394 1465 for-

294 1486 471 1525 mandis
492 1515 503 1535 ,
564 1487 762 1527 doctoris
811 1487 1048 1541 religionis
1105 1487 1392 1528 Christianae

293 1558 456 1612 officio,
487 1576 590 1602 cum-
606 1565 859 1616 praecipuo
876 1593 887 1613 ,
920 1571 1014 1604 tam
1039 1565 1316 1618 gravissimo
1339 1578 1393 1605 ac

287 1639 702 1691 praestantissimo.

348 1711 559 1768 Quantam
594 1720 727 1757 autem
773 1713 815 1756 in
851 1714 932 1758 hoc
969 1729 1138 1758 munere
1166 1722 1250 1758 tum
1285 1716 1392 1760 doc-

292 1787 401 1832 trina
442 1795 481 1832 et
520 1789 754 1846 probitate,
786 1798 872 1833 tuin
916 1791 1124 1849 diligentia
1165 1799 1204 1836 et
1239 1793 1391 1838 ardore

291 1864 566 1915 Academiae,
616 1865 826 1911 Ecclesiae
861 1874 900 1910 et
934 1867 1142 1912 studiosae
1180 1868 1390 1912 Juventuti

290 1941 503 1985 utilitatem
531 1943 738 1997 attulerit,
781 1944 825 1986 id
859 1943 1040 2000 judicent
1079 1944 1135 1987 illi
1175 1944 1287 1998 Viri,
1317 1944 1390 2001 qui

289 2018 375 2072 ejus
400 2017 656 2064 institutione
682 2020 771 2073 usi,
801 2020 882 2079 ipsi
921 2037 968 2065 eo
1005 2036 1174 2065 munere
1205 2022 1389 2079 fungun-

291 2101 380 2147 tur,
423 2096 536 2151 quod
576 2097 629 2139 ad
669 2097 897 2155 augendam
936 2106 1059 2155 atque
1096 2098 1385 2158 perficiendam

289 2170 517 2215 Ecclesiam
559 2173 833 2217 Christianam
863 2175 1039 2219 maxime
1065 2176 1184 2221 valet.
1214 2199 1272 2211 -—
1300 2176 1390 2220 Ne·-

290 2261 369 2301 que
424 2255 560 2291 tamen
612 2264 783 2306 prorsus
835 2251 995 2295 silentio
1041 2252 1386 2312 praetereundum

288 2330 369 2375 est,
400 2323 533 2384 ipsum
562 2327 801 2387 Graphiarii
831 2328 1008 2373 Senatus
1030 2330 1267 2375 Academici
1293 2344 1394 2373 mu-
