1492 2896
270 271 320 308 92
664 259 977 309 Dtsomsmo

269 379 349 406 rum
388 378 519 405 sensus
557 369 758 407 secundum
801 371 984 408 Platonem
1021 372 1189 423 voluptas
1222 380 1311 411 sunt
1341 382 1377 413 et

269 436 397 484 dolor,
436 448 501 485 per
540 449 636 484 quos
674 438 832 477 virtutes
871 441 1028 488 primum
1064 450 1099 480 et
1131 442 1221 481 vitia
1254 443 1378 482 animo

265 507 534 555 suscipiuntur.
601 509 841 558 Quapropter
874 512 1116 558 voluptasiet
1149 512 1308 551 amicitia
1339 521 1377 551 et

266 576 376 614 dolor
403 586 438 614 et
466 577 612 624 odium,
646 579 814 626 quamvis
841 580 1004 617 nondum
1027 581 1180 619 rationis
1203 581 1379 621 facultate

269 657 441 694 utantur,
467 656 566 685 recte
591 648 629 686 in
655 648 786 685 animis
812 660 937 686 eorum
964 650 1185 688 educatione
1208 661 1296 690 sunt
1322 652 1378 690 in·-
1433 673 1438 677 -

267 718 492 765 generanda,
518 727 558 754 ut
584 717 719 756 sensim
737 718 832 756 illam
849 718 1001 756 rationis
1019 720 1232 758 facultatem
1248 732 1378 759 conse-

264 788 341 824 cuti
356 787 442 824 huic
458 787 530 834 ipsi
542 789 672 825 rationi
688 788 924 827 consentiant
941 799 1051 836 atque
1066 791 1156 828 adeo
1173 792 1378 838 praeclaros

263 856 444 904 accipiant
472 858 753 906 laudabilesque
781 871 915 900 mores.
970 860 1070 897 Haec
1100 860 1193 897 enim
1221 871 1379 899 concor-

264 927 323 965 dia
347 927 516 965 universe
542 930 661 966 virtus
689 939 759 966 est.
827 929 984 968 Eveniet
1008 929 1056 966 ita
1072 958 1084 976 ,
1114 938 1154 967 ut
1174 930 1245 978 ipsi
1270 931 1376 978 pueri

262 997 408 1046 fugiant
447 1010 540 1046 quae
582 996 789 1047 fugienda,
829 1007 1005 1048 appetant
1042 1011 1135 1046 quae
1173 1000 1378 1048 appetenda

265 1077 382 1114 sunt,
414 1077 449 1104 et
475 1080 568 1116 quae
597 1069 700 1115 prius
730 1070 999 1106 consuetudine
1025 1069 1191 1117 egerint,
1218 1077 1296 1106 tum
1325 1081 1379 1107 ra-

268 1137 368 1174 tione
403 1146 512 1184 agant
547 1138 691 1184 virique
720 1137 873 1185 perfecti
901 1138 1079 1176 exsistant
1101 1139 1200 1186 (1),
1230 1138 1267 1175 id
1292 1146 1348 1175 est
1365 1166 1379 1186 ,

264 1218 347 1244 cum
378 1206 556 1255 imperare
591 1207 718 1245 norint
750 1217 827 1245 tum
866 1219 992 1255 parere
1017 1219 1100 1245 cum
1122 1207 1266 1256 justitia
1289 1207 1374 1256 (ε).

318 1277 567 1326 Dignissimus
612 1278 765 1315 omnino
810 1278 913 1316 Plato
961 1287 1045 1325 est,
1092 1278 1155 1325 qui
1194 1279 1240 1316 de
1279 1287 1376 1316 recta

263 1357 463 1394 puerorum
487 1346 724 1384 institutione
744 1349 986 1394 consulatur,
1009 1348 1150 1396 quippe
1172 1347 1234 1395 qui
1258 1347 1294 1385 in
1315 1359 1380 1385 va-

265 1415 329 1453 riis
354 1415 434 1453 suis
457 1416 604 1463 scriptis
629 1416 712 1454 data
738 1419 851 1464 opera
873 1418 1018 1466 egregie
1043 1429 1118 1455 eam
1143 1416 1375 1465 exposuerit.

266 1486 318 1524 Et
351 1486 388 1523 in
424 1486 641 1535 Protagora*
676 1486 855 1533 quidem,
897 1496 937 1524 ut
970 1486 1013 1523 ab
1049 1487 1120 1526 hoc
1158 1487 1390 1533 ordiamur,

264 1557 446 1603 praeclara
481 1564 600 1594 exstat
635 1556 717 1601 lex,
748 1559 785 1592 in
815 1556 1033 1593 educatione
1059 1567 1143 1594 cum
1169 1554 1375 1602 infantiae,

264 1634 343 1662 tum
373 1625 552 1673 pueritiae
578 1634 613 1662 et
641 1625 907 1663 adolescentiae
934 1626 1180 1664 observanda.
1242 1627 1376 1664 Paren-

265 1703 345 1741 tes,
372 1695 522 1740 nutrix,
548 1696 741 1741 magister,
766 1707 896 1732 omnes
924 1696 960 1733 id
984 1696 1177 1742 studeant,
1205 1705 1246 1733 ut
1266 1707 1374 1743 quam

266 1763 433 1812 optimus
464 1775 557 1811 puer
594 1765 748 1810 evadat,
787 1775 858 1802 tam
889 1765 1010 1802 verbis
1042 1759 1150 1813 quam
1178 1765 1288 1804 factis
1311 1766 1378 1803 do-

263 1842 420 1879 centes,
461 1845 554 1880 quae
588 1835 724 1882 agenda
760 1834 864 1881 sint,
903 1846 996 1882 quae
1030 1835 1245 1873 omittenda.
1301 1835 1377 1874 Ubi

265 1914 386 1941 autem
414 1905 609 1941 traduntur
636 1904 740 1951 pueri
776 1903 1070 1954 ludimagistris,
1107 1905 1229 1944 minus
1256 1905 1376 1943 litera-

265 1985 345 2011 rum
374 1983 409 2011 et
435 1973 595 2011 citharae
616 1974 710 2012 ratio
733 1974 897 2012 habenda
925 1985 981 2012 est
1006 1987 1113 2022 quam
1144 1987 1288 2013 morum
1314 1977 1379 2013 de·
1438 1991 1440 1993 >

266 2044 379 2082 coris.
433 2044 681 2091 Posteaquam
711 2044 826 2092 igitur
853 2045 974 2083 literas
1002 2045 1195 2083 didicerint
1222 2046 1378 2094 scripta·

268 2125 342 2160 que
366 2113 604 2161 intelligunt,
634 2115 758 2161 pueris
787 2115 1005 2161 apponenda
1032 2127 1052 2152 a
1077 2114 1259 2164 magistris
1287 2125 1377 2154 sunt

266 2185 458 2229 poetarum
494 2184 676 2230 carmina,
709 2185 845 2229 quibus
872 2186 984 2221 multa
1013 2186 1270 2222 contineantur
1297 2197 1377 2223 mo-

267 2253 368 2300 nita,
409 2253 637 2291 narrationes
657 2281 668 2298 ,
702 2254 854 2299 laudes,
896 2255 1057 2291 virorum
1085 2255 1284 2293 celebrium
1313 2267 1378 2293 en-

310 2373 359 2412 (ι)
384 2371 467 2402 plat.
490 2374 528 2402 de
550 2374 651 2413 chg.
675 2371 750 2402 Lib.
777 2371 824 2402 11.
847 2384 876 2412 p.
901 2373 971 2405 653.
995 2373 1143 2404 A.—C.
1314 2337 1376 2363 LO-

311 2428 357 2467 (2)
382 2425 405 2459 1.
426 2426 448 2456 l.
470 2426 546 2456 Lib.
576 2426 600 2456 1.
622 2437 655 2465 p.
680 2424 753 2457 645.
780 2427 819 2457 E.
