1492 2896
284 299 336 338 10
534 294 618 337 PH.
652 295 703 339 G.
735 307 838 338 vAN
867 293 1100 340 HEUSDE
1119 327 1131 347 ,

283 428 427 473 eodem
461 436 673 487 tempore,
705 429 787 473 hoc
822 429 915 489 ipso
953 429 997 473 in
1029 432 1208 490 templo,
1232 431 1383 477 trium*

280 505 380 558 viri,
425 505 638 550 doctrinae
673 507 795 566 copia
834 514 873 551 et
902 506 1098 552 varietate
1127 508 1383 562 eminentes,

278 582 475 626 historiae
506 591 640 627 autem
672 584 809 628 studio
844 599 927 629 non
964 585 1099 630 minus
1131 586 1184 630 ad
1218 586 1384 631 doctri-

279 673 353 703 nas
397 659 616 718 literasque
666 661 984 720 provehendas,
1034 678 1158 721 quam
1204 665 1257 709 ad
1302 664 1384 709 sibi

280 737 610 795 Academiaeque
633 738 906 784 immortalem
935 741 1262 800 comparandam
1289 741 1385 800 glo-

279 814 380 859 riam
411 816 720 861 contendentes,
882 808 886 813 ’

336 890 420 935 Sed
452 893 592 950 prouti
623 893 781 938 artibus
812 894 1004 939 omnibus
1037 903 1077 940 et
1097 895 1298 941 doctrinis
1317 896 1385 941 lua

279 982 372 1014 men
397 966 579 1012 affundit
604 969 809 1024 Historia,
835 971 892 1015 ita
914 971 1186 1031 Philosophia
1201 1004 1212 1026 ,
1235 987 1387 1030 quem-

279 1044 503 1088 admodum
561 1047 802 1091 tractandae
853 1047 1037 1106 singulae
1079 1049 1186 1102 sint,
1243 1049 1381 1093 docet.

279 1121 594 1181 Philosophiam
633 1131 768 1168 autem
802 1139 886 1168 non
923 1124 1034 1168 illam
1071 1125 1189 1178 dico,
1224 1140 1330 1183 quae
1362 1141 1385 1168 a

279 1205 392 1243 secta
427 1213 578 1244 nomen
615 1200 765 1253 habet,
803 1216 879 1246 nec
916 1218 1014 1246 raro
1054 1218 1076 1246 a
1113 1202 1386 1260 disquirendo

281 1275 408 1320 aliena
427 1309 437 1328 ,
468 1278 645 1321 oraculis
672 1279 998 1337 pronunciandis
1028 1295 1168 1338 regere
1189 1279 1386 1324 mundum

280 1354 485 1397 literatum
516 1369 614 1399 ausa
642 1363 724 1399 est:
751 1372 839 1400 eam
867 1357 1074 1415 intelligo,
1104 1371 1228 1413 quam
1259 1357 1388 1400 Vete-

281 1445 345 1473 res
372 1430 574 1474 dixerunt.
652 1433 769 1477 Latet
799 1434 864 1476 illa
883 1466 893 1486 ,
924 1433 958 1477 si
987 1433 1188 1490 originem
1220 1433 1390 1490 quaeri-

281 1521 390 1559 mus,
418 1508 459 1550 in
486 1509 579 1566 ipso
610 1509 788 1553 hominis
810 1510 997 1568 ingenio,
1028 1517 1170 1567 estque
1191 1510 1388 1570 proprie,

279 1591 323 1626 nt
354 1598 504 1628 nomen
532 1585 714 1638 indicat,
747 1587 1026 1644 cognoscendi
1049 1603 1190 1640 amor,
1219 1573 1390 1646 sapien-

284 1661 363 1705 tiae
408 1661 601 1706 studium.
667 1664 801 1707 Porro
842 1672 973 1709 mater
1016 1679 1065 1709 ac
1105 1664 1288 1722 genetrix
1329 1673 1390 1709 est

281 1738 430 1782 artium
467 1740 724 1784 laudatarum
765 1741 948 1786 omnium
990 1757 1039 1786 ac
1080 1742 1389 1793 doctrinarum,

283 1817 398 1870 cuius
440 1816 596 1875 quippe
632 1818 868 1876 praeceptis
904 1817 982 1862 hae
1021 1818 1204 1876 singulae
1242 1832 1335 1862 cum
1372 1834 1394 1862 e

283 1892 407 1936 rectis
437 1893 655 1952 principiis
695 1901 779 1937 tum
815 1895 868 1937 ad
909 1894 1090 1953 optimos
1126 1894 1230 1939 fines
1265 1909 1394 1939 exco-

286 1971 435 2014 lantur.
486 1971 593 2014 Tum
625 1985 723 2014 vero
753 1971 834 2014 hoc
865 1986 1012 2015 munus
1043 1979 1082 2015 et
1108 1971 1393 2029 gravissimum

287 2054 326 2089 et
358 2047 823 2092 honorificentissimum
855 2048 1008 2099 habet,
1051 2057 1096 2091 ut
1133 2047 1176 2091 in
1212 2046 1395 2091 veritatis

289 2124 530 2181 virtutisque
557 2125 694 2169 studio
722 2139 799 2168 nos
825 2124 958 2182 juvet,
990 2140 1066 2168 nec
1093 2125 1302 2168 doctiores
1324 2141 1398 2168 so—

288 2203 369 2245 lum
398 2201 700 2259 cultim-esque,
733 2202 805 2246 sed
839 2203 959 2246 etiam
992 2202 1180 2245 meliores
1210 2201 1400 2246 homines

292 2278 454 2322 efficiat.
520 2279 644 2323 Unde
679 2280 885 2339 appellata
916 2279 969 2323 ab
999 2279 1178 2335 antiquis
1209 2278 1399 2331 παιδεία,

290 2370 481 2412 germana
507 2355 685 2400 hominis
708 2356 909 2400 institutio
934 2364 1007 2400 est.
1080 2356 1191 2400 Haec
1218 2355 1258 2400 in
1286 2355 1400 2399 omni
