1492 2896
319 241 366 281 54
714 229 831 278 DISQ
839 231 1030 269 UISITIO

318 347 493 378 constans
516 348 556 374 ea
579 349 658 375 esse
681 347 849 386 poterat,
872 340 944 377 nisi
971 340 1107 378 inesset
1131 341 1169 378 in
1190 340 1325 378 civium
1351 343 1428 379 ani-

318 407 414 452 mis,
441 409 544 454 quod
568 408 612 445 ad
633 409 731 456 leges
753 409 923 447 colendas
946 418 1127 458 perpetuo
1148 421 1213 449 eos
1236 412 1424 450 excitaret.

317 476 438 516 Proba
475 476 588 525 igitur
622 479 739 515 donec
777 487 852 517 erat
883 480 1031 518 moralis
1059 480 1197 522 civium
1232 481 1427 529 conditio,

317 547 464 595 legibus
496 559 649 595 quoque
680 560 754 585 non
783 550 820 586 vi
848 550 989 596 coacti,
1016 552 1080 588 sed
1103 560 1240 598 sponte
1266 563 1331 588 sua
1353 562 1432 588 ser·

318 618 485 656 viebant.
540 619 687 672 Praeter
715 620 814 668 leges
840 620 940 666 ipsas
965 631 1072 657 nemo
1098 621 1143 658 ad
1171 632 1291 658 earum
1318 621 1429 658 obse-

318 687 448 735 quium
471 687 570 725 cives
601 689 783 737 cogebat3
812 690 876 728 sed
901 689 972 738 ipsi
1002 702 1086 738 prae
1104 701 1246 727 morum
1271 702 1427 729 suorum

317 757 502 805 probitate
548 758 721 807 religiosa
767 761 888 807 legum
936 761 1140 798 reverentia
1186 760 1428 799 ducebantur.

317 827 519 874 Corruptis
559 839 650 866 vero
691 828 885 875 moribus,
922 829 1106 867 interierat
1143 831 1264 868 omnis
1305 830 1427 879 legum

316 896 538 935 auctoritas:
568 908 715 935 omnem
742 898 839 936 enim
868 899 956 936 boni
970 899 1141 948 Justique
1162 910 1238 944 tum
1255 909 1429 938 exuerant

314 976 484 1004 sensum.
509 986 562 996 —
617 967 690 1005 Sed
714 968 801 1007 haec
825 969 875 1006 ita
901 969 1068 1018 attigisse
1094 970 1265 1010 sufficiat.
1330 969 1429 1008 Infra

313 1036 383 1076 hac
405 1036 451 1074 de
477 1047 517 1074 re
543 1037 715 1085 pluribus
739 1040 930 1088 disputare
951 1040 1104 1095 licebit,
1138 1041 1203 1078 ubi
1230 1040 1342 1078 effato
1366 1052 1430 1078 ve-

314 1116 433 1143 terum
463 1106 582 1154 duce,
619 1107 657 1145 in
697 1109 818 1157 legum
860 1109 1043 1156 obsequio
1084 1109 1205 1147 civilis
1247 1110 1429 1148 libertatis

314 1184 558 1224 agnoscemus
607 1178 849 1224 praesidium.
928 1179 1042 1218 Nunc
1080 1180 1176 1217 enim
1215 1180 1432 1228 gravissima

315 1255 432 1293 eaque
470 1244 681 1284 difficillima
729 1248 957 1294 quaestionis
1002 1261 1085 1296 pars
1131 1251 1315 1288 tractanda
1347 1260 1432 1296 εει,

317 1325 411 1366 quae
440 1315 514 1365 agit
539 1315 584 1354 de
605 1315 795 1356 libertate.
