1492 2896
216 205 234 232 2
449 200 1079 240 INTRODUCTIO.

225 334 248 354 ‚‚
274 309 464 353 cozdcurs,
517 309 548 344 le
599 308 709 345 facies
752 323 793 345 en
838 324 887 346 me
933 322 1029 358 mot‚·
1083 314 1174 348 mais
1227 313 1317 349 lors-

231 405 253 424 ,‚
279 377 386 427 qu'on
409 387 492 415 veut
522 379 662 415 limiter
693 391 747 415 ces
768 389 922 429 gronpes
945 379 1053 416 d’une
1081 382 1243 417 muniere
1265 381 1320 416 ri-

231 474 254 491 „
276 459 477 496 goureezsc,
506 460 549 484 οη
579 460 620 483 nc
645 456 773 484 trouve
799 450 1036 486 tres-souvem
1067 461 1161 499 pour
1178 449 1222 489 Jc:
1237 448 1322 494 fai·

233 545 257 563 „
283 529 323 553 re
349 529 417 565 qua
446 516 504 554 des
543 520 749 554 caracteres
782 517 892 554 d'cme
921 518 1043 564 faible
1073 520 1324 568 importunae,

234 614 257 634 ,‚
274 590 434 637 'presque
464 587 627 632 toujottrs
661 588 892 632 minutiam,
918 595 951 622 et
975 585 1082 623 d’une
1103 587 1327 636 application

235 682 258 701 „
283 654 423 705 difficc'le
454 655 546 692 dam
577 655 614 692 la
643 656 873 705 pratique.‘’
936 655 1011 705 Qui
1053 655 1210 703 primum
1243 667 1325 693 cum

232 724 357 771 aliquo
403 736 577 763 successu
621 736 694 762 eam
740 735 932 772 aggressus
984 734 1064 769 est,
1117 725 1330 762 immortalis

232 793 306 831 fnit
342 794 595 831 Linnaeus
634 794 755 843 (anno
786 797 876 841 1748
907 802 943 832 et
969 794 1114 841 1768),
1149 792 1236 831 licet
1259 795 1330 843 jam

235 872 317 900 ante
344 874 425 901 eum
466 863 734 910 quodammodo
775 864 1014 902 tentavissent
1045 863 1334 901 Aldrovan-

237 933 349 977 dus,
389 932 784 981 Willughbius‚
822 932 978 970 Raius
1012 940 1048 970 et
1077 932 1335 971 celeberrimus

237 1011 364 1039 noster
399 1002 920 1048 Swammerdammius‚
947 1002 1011 1048 qui
1039 1002 1194 1048 primum
1221 1002 1338 1039 insec-

240 1081 274 1107 ta
311 1073 508 1109 secundum
547 1071 860 1119 metamorphosin
901 1071 1146 1110 classificavit.
1224 1070 1336 1107 Lin-

241 1141 352 1177 naei
379 1150 560 1188 systema,
606 1140 772 1187 inprimis
812 1140 1176 1188 Lepidopterorum‚
1212 1141 1265 1177 uti
1302 1139 1340 1176 in

245 1209 397 1247 infantia
425 1209 598 1246 scientiae
624 1210 906 1257 exspectandum
939 1220 1037 1256 erat,
1065 1211 1231 1257 generale
1252 1219 1337 1255 est3

245 1278 370 1315 divisit
408 1279 500 1315 enim
529 1280 623 1316 hunc
657 1279 820 1316 ordinem
851 1280 1076 1317 insectorum
1110 1280 1148 1317 in
1179 1279 1247 1316 tria
1281 1289 1344 1326 ge-

246 1359 331 1386 nera
357 1348 530 1398 Papilio,
581 1349 724 1397 Sphitzx
751 1358 786 1385 et
812 1348 1029 1394 Phalarin,
1073 1359 1166 1395 quae
1199 1348 1346 1395 quidem

248 1427 376 1463 genera
420 1429 546 1455 rursus
589 1418 624 1454 in
657 1417 859 1464 subgenera
900 1417 1053 1464 divisit;
1108 1418 1195 1455 haec
1230 1427 1348 1455 tamen

251 1486 460 1524 subdivisio
495 1487 603 1523 hodie
632 1487 693 1523 vix
732 1487 767 1523 in
804 1498 874 1523 usu
909 1495 990 1533 est,
1042 1496 1077 1523 et
1110 1495 1250 1534 praeter
1289 1497 1351 1524 an-

255 1565 444 1593 tennarum
481 1555 634 1593 formam
652 1583 664 1600 ,
706 1567 831 1603 magna
861 1567 1010 1602 quoque
1032 1565 1159 1603 parte,
1183 1557 1349 1594 colorum

255 1625 467 1662 diversitate
490 1653 502 1669 .,
556 1624 812 1670 similibusque
860 1625 989 1662 nititur
1042 1625 1311 1663 characteribus
1339 1653 1353 1673 ‚

256 1696 418 1741 adeoque
445 1693 547 1741 parvi
566 1703 620 1730 est
649 1694 836 1730 momenti.
893 1694 988 1731 Eum
1016 1704 1211 1741 sequentes
1236 1695 1353 1742 scrip-

258 1773 357 1802 tores
393 1763 580 1801 maximam
610 1772 745 1811 partem
787 1763 903 1801 secuti
931 1772 1044 1807 sunt,
1071 1765 1187 1801 donec
1226 1763 1354 1801 melio-

260 1845 332 1870 rem
359 1833 674 1871 classificationem
701 1833 825 1879 dedit,
854 1833 932 1880 ejus
956 1832 1158 1880 discipulus
1189 1833 1356 1871 Fabri-

261 1902 374 1951 eilus
391 1929 403 1948 ‚
431 1901 469 1939 in
500 1901 678 1949 operibus
708 1901 785 1937 suis
826 1900 1108 1948 entomologicis
1135 1900 1204 1949 (1)
1232 1901 1358 1949 (secu-

1317 1971 1354 2006 lo

309 2102 356 2140 (1)
382 2099 576 2130 Peculiarem
604 2098 896 2137 Lepidopterorum
925 2096 1110 2126 divisionem
1142 2094 1310 2134 proposuit
1330 2095 1363 2123 in

267 2164 380 2192 opere:
416 2159 558 2186 systema
585 2153 827 2187 mammarum,
863 2150 949 2190 quod
982 2154 1082 2180 tamen
1103 2158 1262 2188 nunquam
1283 2157 1364 2186 pro-

269 2208 349 2243 diit,
380 2210 412 2237 et
438 2205 554 2244 partim
587 2209 707 2234 tautum
729 2204 1001 2243 nobisvcognitum
1023 2207 1068 2232 est
1090 2211 1128 2231 ex
1149 2211 1244 2240 opere
1266 2199 1364 2230 [lli-

269 2272 308 2301 ge
321 2261 372 2290 ri:
397 2262 528 2300 DIagaz.
539 2260 607 2301 fiir
628 2261 699 2288 Ias.
