1492 2896
820 251 875 295 [tlt

300 388 524 445 cordique,
586 385 749 444 pietatis
797 393 837 430 et
883 385 1097 430 doctrinae
1140 386 1400 431 Christianae

298 465 444 511 notitia
474 464 679 515 imbutus,
711 463 754 505 in
786 462 1049 506 domesticam
1083 462 1400 508 familiaritatem

298 543 422 587 cessit
454 541 530 585 viri
559 541 617 600 pii
646 554 774 596 aeque
809 554 857 582 ac
889 538 1079 591 candidi,
1125 539 1238 583 docti
1275 546 1401 597 atque

296 619 484 679 ingenui,
528 617 786 662 Danielis
826 616 1021 661 Matth.
1070 615 1400 662 Kakebeen.

297 697 346 740 In
373 694 745 740 Amstelodamensi
767 694 984 738 Athenaeo
1009 693 1240 738 studiorum
1263 693 1404 752 posuit

298 774 519 825 elementa,
549 779 694 831 postea
731 784 832 815 vero
869 777 1055 815 nostram
1093 769 1194 815 adiit
1234 770 1406 816 Acade-

296 850 446 902 miam,
475 849 617 906 ibique
644 863 722 907 per
751 847 1077 905 quinquennium
1108 846 1406 907 Praeceptori-

298 928 378 971 bus
415 925 598 982 mihique
631 924 865 969 carissimus
905 924 981 969 fuit
1016 923 1267 984 discipulus,
1305 939 1406 970 mo-

297 1019 403 1049 rum
426 1001 679 1055 urbanitate,
713 1000 865 1060 ingenii
896 1000 935 1045 vi
962 1015 1012 1045 ac
1041 1001 1276 1055 alacritate,
1313 1009 1407 1048 stu·
1440 1043 1443 1047 Δ

299 1081 461 1124 diorum
496 1078 760 1131 assiduitate,
791 1077 916 1122 animi
950 1077 1156 1131 candore,
1187 1078 1406 1125 doctrinae

300 1156 555 1215 praestantia
570 1169 824 1214 magnopere
838 1169 928 1199 sese
944 1155 1254 1200 commendam.
1293 1154 1407 1200 Sua-

300 1234 422 1278 dente
454 1233 578 1291 igitur
606 1232 918 1289 Theologorum
953 1231 1134 1285 Ordine,
1165 1232 1303 1276 Patris
1335 1233 1405 1276 in-

300 1311 450 1354 cedens
486 1309 691 1367 vestigiis,
723 1307 978 1366 Theologiae
1014 1309 1288 1354 Doctoratum
1325 1324 1406 1368 pe-

300 1386 385 1440 tiit,
418 1394 456 1430 ct
492 1385 658 1442 quidem
694 1385 823 1429 hacce
860 1385 1145 1436 solemnitate,
1175 1386 1297 1430 nobis
1337 1386 1409 1430 in-

299 1463 543 1514 vitantibus,
590 1480 713 1505 more
742 1465 981 1506 maiorum.
1075 1463 1242 1521 Quanta
1272 1471 1408 1510 autem

300 1541 432 1584 valeat
457 1539 501 1582 in
525 1538 769 1596 theologicis
795 1539 1023 1597 disciplinis
1050 1539 1240 1584 doctrina
1271 1548 1312 1585 et
1339 1541 1409 1586 iu-

302 1617 398 1660 dicii
426 1617 468 1659 in
497 1616 812 1674 ‚interpretando
841 1616 1089 1669 subtilitate,
1126 1617 1266 1662 docuit
1300 1632 1408 1663 con-

301 1692 456 1750 scripta
492 1700 531 1736 et
570 1692 736 1750 publice
777 1692 945 1737 defensa
996 1695 1318 1750 Disputatione
1352 1700 1408 1740 de

302 1773 604 1813 membrorum
632 1774 973 1826 parallelismo,
1021 1774 1067 1813 in
1097 1774 1206 1814 Iesu
1233 1773 1409 1815 Christi

302 1850 438 1892 dictis
465 1848 754 1891 observando.

359 1923 444 1968 Sed
478 1923 578 1980 quid
611 1931 693 1976 est,
724 1924 838 1980 quod
876 1939 968 1968 mea
1006 1925 1058 1969 de
1096 1925 1228 1969 Vobis
1260 1915 1409 1971 Oratio

303 2001 452 2044 diutius
481 2001 642 2044 honore
667 2014 741 2044 vos
773 2001 1023 2045 defraudet?
1081 2001 1172 2046 Huc
1190 2002 1314 2061 igitur
1334 2017 1411 2047 ac-

305 2077 486 2129 cedatis,
530 2077 784 2136 Theologiae
812 2078 1053 2123 Candidati!
1099 2087 1138 2124 et
1169 2080 1407 2125 cathedram

304 2154 463 2198 hancce
494 2154 780 2213 superiorem,
812 2170 984 2213 eamque
1017 2156 1297 2210 doctoralem,
1330 2158 1410 2201 ad-

304 2230 521 2276 scendatis.
894 2230 900 2245 ⁹
