1492 2896
306 261 694 304 PHILOSOPHICO
703 283 721 294 -
735 261 1044 304 HISTORICA.
1185 269 1236 316 67

121 370 288 413 Fuerunt
327 372 476 422 quidem
513 372 609 411 inter
645 373 895 421 recentiores,
930 373 995 422 qui
1022 374 1168 415 civilem
1190 376 1237 414 li·

121 443 298 482 bertatem
324 443 441 482 veluti
467 442 501 480 ei
528 452 763 491 opponerent
789 443 976 493 libertati,
1004 457 1076 494 qua
1097 445 1136 485 in
1158 455 1236 485 sta·
1294 432 1297 433 ⁷

117 521 190 559 tu,
225 524 335 560 quem
362 521 538 561 erepant,
569 513 744 551 naturali
772 524 861 552 usae
886 514 1090 563 aliquando
1115 515 1237 556 fuisse

117 591 315 620 censentur
339 581 499 622 familiae
529 590 643 630 atque
676 582 827 631 tribus;
852 603 906 614 --
933 584 1076 633 primos
1101 596 1236 635 nempe

113 652 311 700 homines,
344 653 437 690 nulli
473 653 663 703 subjectos
699 652 885 701 imperio,
920 655 985 692 sed
1020 654 1059 692 in
1091 666 1236 695 summa

116 730 294 770 vagantes
329 721 520 771 libertate,
557 723 732 761 inductos
759 721 879 761 fuisse
904 731 1098 772 statuunt,
1127 733 1169 763 ut
1196 726 1236 764 in

117 801 234 831 unum
266 793 388 831 locum
424 793 694 840 convenirent,
731 801 773 832 ut
808 792 937 832 frenos
964 794 1173 844 acciperent
1199 804 1236 833 et

117 871 258 910 regna,
293 871 337 900 ut
371 863 533 911 denique
571 865 617 902 de
654 865 848 902 voluntate
888 874 955 903 sua
991 872 1029 903 et
1065 864 1236 904 libertate

116 939 255 978 partem
305 933 486 980 quandam
533 919 807 980 concederent,
857 944 934 981 quo
975 935 1237 982 praestantiori

115 999 285 1039 libet-tate
305 1003 385 1040 sive
410 1003 513 1041 civili
532 1003 767 1051 potirentur3
783 1024 836 1033 --
855 1003 922 1041 sed
949 1002 1128 1042 falluntur
1152 1002 1233 1043 isti.

115 1069 158 1108 In
192 1079 292 1108 statu
329 1072 425 1110 enim
462 1073 620 1111 naturali
647 1074 777 1122 ecquis
803 1073 1062 1113 animadvertit
1085 1073 1237 1112 liberta-

117 1140 224 1179 tem?
264 1141 432 1193 >Gentes
473 1142 672 1190 quibusvis
720 1143 866 1192 injuriis
917 1152 1032 1181 semet
1075 1142 1232 1181 invicem

115 1219 298 1259 perpetuo
335 1212 525 1251 lacessunt
560 1213 674 1260 inque
708 1215 927 1251 servitutem
966 1214 1166 1262 redigunt,
1195 1222 1236 1252 ut

105 1281 181 1329 >qui
206 1283 302 1321 inter
328 1294 388 1321 eas
420 1283 558 1321 fortior
583 1283 661 1331 sit,
694 1284 788 1322 idem
820 1283 870 1322 sit
896 1284 1062 1322 liberior.
1114 1284 1157 1322 In
1183 1284 1239 1322 ci·

115 1351 231 1390 vitate
263 1363 353 1391 vero
389 1361 469 1392 tum
503 1353 598 1391 liber
632 1365 698 1401 es,
734 1366 849 1402 quum
885 1354 980 1392 nihil
1006 1353 1161 1402 obstat,
1188 1365 1237 1393 ne

117 1418 229 1459 facias
276 1424 379 1470 quod
426 1425 661 1462 commendet
699 1424 902 1473 J'ubeatque
938 1425 1082 1474 justum
1121 1433 1236 1473 atque

117 1491 306 1530 decorum.
360 1493 461 1531 Haec
499 1502 620 1532 tamen
657 1494 780 1531 civilis
817 1493 968 1535 libertas
997 1494 1047 1532 ita
1073 1502 1131 1533 est
1156 1505 1238 1532 mo·

117 1561 299 1610 demanda,
325 1572 366 1600 ut
393 1575 433 1601 re
461 1575 546 1602 vera
577 1563 726 1602 libertas
753 1564 826 1601 dici
852 1573 1051 1603 mereatur.
1081 1564 1238 1614 Quippe

117 1632 219 1671 cives
257 1632 349 1671 boni
383 1634 553 1684 iustique
594 1645 708 1672 sensu
746 1633 848 1672 ducti
888 1635 948 1672 his
986 1635 1060 1683 ipsi
1097 1633 1236 1672 finibus

120 1714 220 1742 suam
247 1703 552 1742 circumscribant
579 1704 783 1742 libertatem
808 1713 980 1753 oportet,
1007 1713 1049 1742 ut
1072 1715 1119 1742 ne
1135 1702 1239 1752 quod

122 1772 247 1811 deceat
275 1776 495 1823 J'ustumque
530 1775 580 1812 sit
614 1774 823 1822 aspernati,
850 1785 921 1823 pro
947 1774 1092 1822 pudore
1118 1773 1240 1820 impu·

121 1842 309 1894 dentiam,
345 1855 414 1891 pro
447 1844 592 1893 justitia
629 1843 848 1892 injustitiam
889 1843 974 1880 sinu
1014 1842 1166 1880 foveant
1203 1851 1240 1880 et

124 1919 322 1959 temperata
352 1912 414 1950 ila
445 1924 609 1961 veraque
641 1912 791 1950 libertas
818 1923 906 1961 prae
932 1912 1100 1960 ipsorum
1128 1920 1240 1960 petu-

124 1981 237 2019 lantia
264 1981 301 2019 in
329 1984 484 2019 nimiam
513 1983 617 2020 istam
647 1982 730 2019 sive
755 1983 855 2029 ἄγαν
882 1984 1101 2031 ἐλευθερίκν,
1128 1994 1238 2030 quam

124 2036 230 2091 Pleto
265 2052 442 2098 vocavit,
483 2063 572 2090 mox
604 2052 709 2090 abeat
741 2061 780 2089 et
808 2063 917 2089 causa
945 2051 1099 2089 exsistat
1126 2053 1245 2089 servi·

126 2123 234 2162 tutis.
287 2124 359 2162 Est
392 2132 514 2160 autem
550 2124 706 2160 nimium
744 2122 844 2160 istud
875 2131 952 2159 non
979 2121 1033 2159 sic
1059 2122 1242 2171 accipien-

127 2192 213 2231 dum
251 2192 358 2241 quasi
394 2193 432 2230 in
468 2192 618 2231 civitate
653 2192 803 2230 libertas
840 2190 962 2239 possit
991 2202 1074 2230 esse
1098 2192 1241 2241 nimia3

128 2262 204 2301 imo
239 2274 329 2301 vero
365 2263 513 2301 libertas
551 2274 634 2301 vera
659 2262 806 2301 civibus
834 2271 920 2299 esse
944 2261 1058 2300 nimia
1082 2261 1243 2311 nequit3

131 2334 196 2372 sed
228 2342 285 2372 cst
319 2334 380 2372 ilia
412 2334 525 2383 huJus
559 2333 726 2380 abusus,
765 2342 886 2380 neque
918 2330 1055 2369 iccirco
1082 2342 1177 2379 quae
1201 2329 1247 2368 li·

645 2404 676 2442 Ε
705 2415 727 2441 2
1164 2402 1247 2440 ber·
