1492 2896
213 273 272 316 24
571 274 960 320 ORATIO.

213 408 467 467 argumentis
508 408 646 452 divina
687 411 981 468 patefactionis
1019 410 1176 467 origine
1222 424 1330 470 pro-

213 496 339 547 bata,
388 508 473 538 non
511 494 689 553 amplius
725 495 911 553 disputat
947 494 998 539 de
1034 511 1138 539 vana
1178 510 1332 552 quaes-

211 579 354 633 tione,
387 594 494 636 quae
533 579 737 638 plurimos
776 579 929 633 tenuit,
961 594 1059 623 num
1091 580 1225 639 possit
1258 594 1336 623 ex·-

216 671 327 707 stare
360 663 453 708 talis
486 664 729 723 patefactio.
811 663 927 707 Idem
954 663 1061 707 enini
1089 663 1172 708 hoc
1202 670 1334 716 esset,

215 761 266 790 ac
309 747 344 791 si
385 747 478 804 quis
530 747 732 792 mundum
788 748 958 805 ejusque
1013 747 1335 807 pulcritudinem

216 831 474 889 suspiciens,
504 832 624 876 vellet
653 831 890 889 inquirere,
925 847 977 876 an
1012 833 1146 892 possit
1178 839 1340 876 exstare

216 915 412 960 mundus.
474 915 619 972 Neque
653 930 734 974 pro
769 916 902 960 lubitu
941 917 1114 960 alterum
1152 916 1341 976 amplec-

219 999 320 1042 titur
344 999 519 1055 dogma,
554 1000 727 1043 alterum
754 1014 854 1044 vero
877 1000 1024 1057 rejicit.
1087 1001 1210 1045 Tunc
1235 999 1343 1044 enim

219 1083 312 1142 ipse
349 1083 430 1127 sibi
464 1098 550 1128 non
589 1091 824 1138 constaret,
858 1084 973 1140 quod
999 1091 1060 1128 est
1090 1099 1113 1127 a
1142 1096 1343 1141 germano

221 1167 485 1227 Philosopho
519 1183 643 1225 quam
682 1168 992 1212 alienissimum.
1070 1168 1190 1225 Quae
1219 1166 1345 1225 igitur

223 1251 364 1296 divina
392 1253 562 1296 oracula
594 1267 686 1296 eum
717 1252 891 1304 docent,
922 1252 1028 1295 haec
1062 1251 1225 1303 omnia,
1257 1251 1346 1295 sine

224 1337 306 1379 ulla
346 1336 614 1395 exceptione,
661 1335 937 1394 amplectitur.
1028 1335 1166 1391 Atque
1205 1334 1248 1377 id
1296 1348 1346 1378 eo

225 1420 433 1464 lubentius
464 1420 588 1473 facit,
621 1434 706 1476 quo
746 1418 889 1463 melius
923 1418 1128 1478 perspicit
1161 1432 1212 1462 ac
1247 1433 1350 1462 sen-

224 1504 297 1557 tit,
330 1518 455 1560 quam
484 1503 770 1547 convenientia
800 1502 882 1546 sint
905 1517 1004 1546 suae
1033 1501 1189 1556 indoli,
1222 1517 1348 1559 quarn

227 1597 325 1648 apta
365 1604 464 1633 suae
500 1586 755 1640 conditioni,
802 1602 925 1644 (1113111
964 1586 1148 1630 efficacia
1182 1586 1237 1629 ad
1274 1601 1350 1630 sua

228 1673 529 1730 hominumque
574 1671 796 1715 commoda
844 1670 1160 1729 promovenda,
1223 1684 1349 1726 quam

228 1758 324 1802 Deo
357 1764 528 1800 auctore
571 1755 828 1813 dignissima.
918 1754 1083 1799 Etenim
1128 1769 1350 1813 germanus

228 1841 540 1901 Philosophus,
602 1846 648 1883 ut
691 1839 894 1892 vidimus,
942 1839 1098 1883 bonum
1139 1844 1350 1892 sectatur,

232 1929 452 1984 studetque
490 1940 534 1969 se
569 1923 816 1976 emendare,
849 1936 899 1966 ac
938 1922 1033 1966 Deo
1065 1922 1209 1966 similis
1246 1921 1350 1968 fieri.

231 2014 382 2070 ltaque
419 2009 524 2054 nihil
557 2008 594 2052 ei
631 2007 763 2065 magis
809 2013 1028 2065 acceptum
1063 2021 1152 2051 esse
1187 2013 1354 2065 potest,

235 2111 361 2155 quam
378 2084 529 2139 nostra
548 2092 735 2150 Religio,
769 2091 927 2150 quippe
953 2106 1061 2148 quae
1085 2090 1354 2136 tenerrimum

234 2196 320 2234 non
362 2186 524 2223 tantum
559 2191 775 2229 amorem,
808 2176 882 2219 sed
921 2175 1187 2234 purissimam
1230 2175 1355 2221 etiam

237 2264 499 2317 sanctitatem
533 2261 627 2306 Deo
655 2259 879 2314 adscribit,
913 2259 1104 2318 viamque
1136 2260 1194 2304 illi
1230 2268 1371 2304 mon-'
