1492 2896
803 274 829 314 6

265 409 351 452 dito
389 408 598 463 doctoque
637 406 802 449 homine
839 407 1071 462 indignius,
1104 408 1202 463 quid
1234 409 1374 452 humi-

264 487 339 530 lius
380 484 603 542 excogitari
638 484 793 541 possit,
829 500 950 539 quain
995 485 1205 529 doctrinas
1249 486 1378 543 inagis

266 579 314 605 ex
351 576 455 604 vana
490 576 615 619 saepe
650 561 745 604 inde
790 569 883 604 nata
926 562 1098 618 gloriola
1139 562 1379 616 aestimare,

267 647 306 682 et
340 638 458 695 quasi
490 638 649 691 metiri,
682 653 806 694 quam
846 654 893 681 ex
926 639 1096 683 summis
1123 640 1381 698 egregiisque

267 717 392 760 animi
425 716 652 768 fructibus,
685 729 789 772 quos
821 717 967 759 alunt?
999 724 1052 749 -”-
1083 716 1381 761 Doctrinarum

266 793 374 837 enim
405 794 536 837 cultus
566 807 651 836 non
685 793 810 836 modo
832 793 1038 850 judicium
1068 794 1202 847 acuit,
1233 794 1384 852 cogni-

264 869 420 913 tionem
447 870 649 927 adauget,
682 877 807 926 atque
836 871 921 914 veri
954 870 1120 929 pulchri
1159 867 1384 928 decorique

264 961 431 990 sensum
467 946 611 990 inserit
641 955 680 990 et
711 948 928 1000 accendit,
973 960 1114 992 verum
1140 956 1257 993 tanta
1286 963 1383 993 eru-

267 1023 459 1075 ditionis,
498 1024 726 1082 sapientiae
763 1031 887 1080 atque
927 1025 1090 1069 virtutis
1131 1033 1385 1084 est2cogna-

268 1101 348 1154 tio,
380 1109 425 1143 ut
450 1101 658 1144 assiduum
686 1102 769 1144 veri
796 1102 975 1144 studium
1001 1116 1074 1145 sua
1102 1110 1252 1160 sponte
1275 1118 1385 1159 qua÷

270 1178 304 1220 si
338 1178 464 1221 ducat
503 1178 554 1221 ad
593 1177 836 1230 honestum,
872 1188 1027 1222 rectum
1047 1212 1058 1234 ,
1096 1180 1385 1238 probumque,

272 1255 381 1299 unde
411 1255 632 1299 efflorescit
667 1270 863 1313 germana
900 1257 1126 1315 sapientia,
1168 1272 1274 1314 quae
1300 1259 1386 1303 sine

270 1332 418 1376 virtute
448 1347 500 1376 ne
529 1334 702 1390 cogitari
735 1334 901 1390 quidem
933 1342 1085 1393 potest.

331 1409 588 1453 Admiranda
625 1425 723 1466 ergo
761 1412 965 1468 majorum
1006 1418 1246 1456 nostrorum
1282 1427 1388 1471 pru-

274 1486 414 1530 dentia
452 1494 576 1544 atque
613 1487 845 1546 sapientia,
913 1489 1011 1544 qui,
1074 1489 1170 1532 dum
1219 1490 1389 1546 juvenes

275 1562 491 1606 doctrinae
527 1565 783 1621 praestantia
824 1573 947 1622 atque
980 1580 1142 1609 morum
1177 1567 1389 1625 probitate

274 1641 499 1684 eminentes
546 1642 716 1684 suminis
765 1643 996 1686 honoribus
1043 1657 1194 1686 ornare
1244 1644 1389 1688 volue-

275 1725 390 1768 runt,
424 1718 524 1762 tales
564 1719 665 1761 ritus
701 1719 991 1773 instituerunt,
1023 1720 1172 1776 quibus
1203 1720 1387 1763 intimam

274 1794 469 1837 scientiae
508 1801 631 1851 atque
676 1811 794 1839 verae
839 1796 1066 1854 sapientiae
1112 1798 1389 1854 virtutumque

276 1870 564 1927 cognationem
595 1871 894 1928 significarent3
929 1888 951 1917 e
982 1874 1133 1930 quibus
1162 1874 1282 1918 simul
1306 1889 1390 1932 pa·-

275 1955 357 1998 tet,
389 1949 534 2003 quanti
572 1949 756 1992 omnium
798 1950 1110 2008 disciplinarum
1146 1950 1281 1994 studia
1315 1966 1390 1995 ve-

244 2021 448 2081 ‘ramque
479 2025 750 2069 eruditionem
786 2027 1115 2080 aestimaverint,
1153 2029 1389 2084 quantoque

275 2104 318 2144 in
356 2102 517 2146 honore
548 2103 640 2146 illos
678 2104 923 2156 habuerint,
957 2119 1065 2161 quos
1098 2103 1250 2161 dignos·
1278 2104 1391 2160 judi-

279 2180 455 2231 cabant,
500 2180 650 2236 quibus
699 2181 979 2226 adscendendi
1021 2180 1263 2225 cathedram
1309 2180 1390 2224 do-

282 2256 483 2313 cendique
516 2258 750 2302 facultatem
781 2259 1009 2302 concedere
1045 2266 1228 2317 possent.

340 2333 439 2378 Jure
464 2334 588 2389 igitur
610 2336 768 2378 censuit
786 2336 963 2380 Senatus
980 2336 1280 2388 Academicus,
1309 2335 1390 2379 hac
