1492 2896
650 233 721 289 55,

119 376 430 438 Magistratus„
441 381 486 419 ut
517 374 571 417 ab
590 372 685 419 ¹hac
712 368 938 433 Academia
973 367 1233 422 discederes,

118 454 406 513 nisin'accepto
429 452 504 507 <infr
525 449 737 499 ‚solemnis
759 448 882 506 hujus
917 454 1033 491 actus
1068 433 1232 490 memo-

118 532 235 577 riam-2
265 530 437 591 publico
471 536 527 577 ret
572 525 807 579 honorifico
850 524 985 583 signo·
1073 522 1233 582 Accipe

117 609 257 669 igitur⁴
278 609 394 667 quod
428 623 450 653 e
483 619 602 654 more
638 603 844 661 majorum
873 599 1144 659 Magistratus
1176 599 1235 654 li-

115 685 420 741 beralitajstibi
458 682 654 730 decrevit·
679 681 902 731 numisma
924 692 1094 722 aureum
1108 709 1120 731 ,
1166 676 1235 721 cui

116 778 271 809 nomen
301 770 416 808 tuum
447 760 694 820 inscriptum
731 765 806 809 est.
883 756 979 808 Hoc
1016 755 1125 807 collo
1160 761 1235 805 tuo

117 855 362 901 suspensum
387 839 570 892 habeas,
600 844 646 881 ut
672 836 809 880 honos
834 841 931 878 tuus
957 831 1056 875 inde
1081 845 1237 888 augea-

119 925 203 963 tur.
284 917 378 962 Hoc
415 929 636 960 conserves
669 914 713 957 in
749 909 995 957 memoriam
1034 916 1075 953 et
1113 907 1237 965 hujus

119 994 202 1038 diei
252 1000 292 1038 et
343 991 614 1038 humanitatis
660 997 699 1035 et
750 986 1072 1048 hospitalitatis,
1131 999 1236 1042 quas

118 1070 217 1116 dum
245 1069 498 1114 Academiae
528 1067 629 1113 civis
660 1066 796 1118 fuisti,
838 1065 882 1108 in
913 1064 993 1107 hac
1023 1063 1127 1107 urbe
1159 1076 1237 1105 ex-

116 1154 261 1206 pertus
291 1161 349 1190 es.

175 1222 320 1269 Unum
365 1227 581 1281 superest,
629 1218 745 1277 quod
786 1215 1070 1262 lubentissime
1110 1212 1235 1258 facio.

121 1299 270 1345 Totius
304 1298 508 1344 Jctorum
543 1296 720 1343 Ordinis
753 1293 921 1339 nomine
958 1290 1133 1351 porrigo
1161 1289 1237 1333 tibi

120 1377 324 1423 dextram.
385 1374 450 1420 Sit
480 1375 586 1419 haec
618 1373 695 1418 tibi
728 1372 849 1430 signo
882 1369 1013 1422 illius,
1045 1383 1128 1425 qua
1152 1367 1236 1420 Te,

119 1468 205 1513 qua
236 1466 402 1505 omnes,
433 1451 506 1509 qui
535 1450 736 1508 justitiam
772 1449 933 1492 sincere
969 1452 1134 1498 amant,
1165 1444 1238 1501 qui

119 1527 498 1589 Jurisprudentiam
524 1527 736 1571 indefesso
761 1525 905 1569 labore
931 1523 1097 1574 colunt,
1128 1520 1237 1564 ami-

123 1606 218 1651 citia
247 1612 288 1650 et
317 1604 490 1650 caritate
517 1602 847 1663 complectimur.

177 1683 293 1728 Ilaec
321 1681 463 1727 omnia
493 1695 614 1724 more
644 1680 852 1736 majorum
891 1676 1083 1720 absoluta
1125 1681 1236 1717 sunt.

123 1760 217 1818 Ego
257 1759 418 1819 primus
465 1758 529 1802 Te
576 1757 678 1814 juris
724 1754 907 1799 Romani
947 1760 987 1797 ct
1036 1750 1240 1795 Hodierni

123 1836 353 1881 Doctorem
387 1834 535 1879 saluto.
623 1832 748 1876 Faxit
777 1831 832 1876 D.
852 1830 908 1875 O.
924 1829 985 1874 M.
1019 1835 1064 1871 ut
1099 1826 1242 1870 hono-

124 1929 217 1967 res„
248 1926 354 1970 quos
381 1918 420 1956 et
447 1909 607 1954 meritis
630 1909 712 1953 tuis
744 1915 784 1952 et
815 1906 924 1950 votis
951 1905 1106 1957 nostris
1134 1918 1241 1947 con-

123 1996 288 2038 secutus
323 2002 391 2042 es,
420 1986 680 2032 felicissimos
720 1992 760 2029 et
793 1983 870 2028 tibi
900 1990 940 2027 et
970 1982 1130 2041 patriae
1160 1996 1243 2039 pa-

121 2066 233 2112 riant
263 2066 448 2120 fructus3
489 2062 696 2108 concedat
727 2061 829 2114 tibi,
861 2059 1067 2105 concedat
1099 2058 1238 2102 omni-

126 2143 208 2189 bus
254 2141 484 2188 eorundem
530 2139 739 2184 honorum
791 2151 903 2181 nunc
949 2135 1241 2187 consortibus,

127 2219 240 2279 quod
268 2218 396 2264 hodie
425 2216 618 2262 concedit
652 2214 876 2260 triumviris
910 2213 1009 2264 illis,
1043 2211 1115 2271 qui
1146 2219 1241 2257 ante

126 2296 206 2342 hos
254 2293 553 2355 quinquaginta
607 2308 768 2346 annos,
840 2290 1007 2336 eosdem
1058 2289 1243 2335 honores
