1492 2896
309 240 692 284 PHILOSOPHICO
705 263 722 272 -
736 238 1039 280 HISTORICA.
1157 250 1222 287 151

174 355 277 405 Quae
314 364 429 400 quum
460 351 622 401 pessima
655 359 752 389 esset
780 349 1002 388 Athenarum
1028 346 1225 391 conditio,

123 424 178 463 nti
211 431 350 461 ceterae
384 422 583 468 Graeciae,
622 420 670 458 ita
705 419 796 468 ipsis
830 430 982 466 quoque
1011 429 1049 455 ea
1079 417 1229 456 exstite-

122 502 208 533 runt
233 502 398 541 tempora
415 520 427 539 ‚
461 503 551 539 quae
580 490 788 528 tristissima
812 488 1054 526 calamitatum
1081 497 1227 525 suarum

122 564 217 604 serie
243 561 435 602 manifeste
465 561 690 606 ostendunt,
722 558 812 607 quid
835 558 879 595 ad
903 556 1063 595 civitatis
1088 555 1229 593 ruinam

120 633 407 683 promovendam
451 632 591 669 valeant
633 627 805 667 dissoluti
854 637 976 664 mores
1017 625 1231 673 civiumque

123 705 286 743 licentia.
341 703 595 749 Posteaquam
635 699 758 745 enim,
799 707 1016 745 quamquam
1059 694 1233 732 universe

113 774 259 823 fortius
294 772 377 811 boni
403 782 475 823 pro
514 770 685 809 libertate
713 767 957 817 loquebamur
971 794 983 814 ‚
1019 777 1131 817 quam
1161 775 1232 815 pu-

122 843 291 894 gnabant
317 841 415 893 (ι),
449 839 710 888 Thrasybulus
734 851 754 876 a
779 836 975 886 tyrannide
1005 836 1157 884 patriam
1189 833 1233 870 li·

126 913 345 959 beraverat,
374 911 496 959 erupit
528 921 614 947 mox
649 909 687 946 in
727 908 884 947 Graecia
919 906 1056 944 bellum
1089 915 1232 942 sacrum

128 984 207 1021 sive
232 983 435 1021 Phocense.
487 980 556 1018 Uti
586 979 680 1018 enim
709 988 833 1016 ortum
856 976 948 1014 illud
972 984 1047 1013 erat
1076 986 1095 1012 e
1116 975 1236 1013 viola·

127 1051 175 1089 tis
204 1050 317 1089 sacris
343 1059 380 1087 et
410 1050 614 1098 religione,
636 1048 686 1085 ita
708 1046 929 1095 Delphicum
954 1045 1134 1094 templum
1154 1044 1239 1092 opi-

128 1120 199 1158 bus
222 1119 300 1158 suis
328 1119 582 1167 spoliabatur,
608 1117 747 1164 quibus
775 1116 960 1154 sumtibus
985 1123 1240 1153 occurreretur

130 1187 261 1227 nefarii
290 1188 392 1226 belli.
446 1187 667 1225 Divitiarum
711 1187 825 1223 moles
857 1186 896 1223 in
927 1184 1118 1232 Graeciam
1153 1196 1240 1222 mox

133 1258 356 1297 redundabat
396 1257 592 1304 omniaque
625 1257 715 1294 luxu
748 1255 887 1304 ingenti
919 1254 1129 1302 complebat
1153 1255 1238 1302 (2).

131 1328 377 1366 Insidiabatur
412 1327 542 1364 deinde
579 1324 813 1364 manifestius
849 1326 1027 1365 Graeciae
1063 1324 1240 1363 Macedo-

134 1408 222 1436 num
243 1398 326 1435 Rex
348 1397 574 1443 maximeque
596 1395 767 1433 Athenis.
821 1396 901 1445 Qui
935 1406 1023 1433 vero
1058 1393 1243 1432 effemina-

136 1477 197 1506 tus
233 1468 400 1506 Graecus
436 1465 645 1504 fortissimo
696 1465 797 1503 hosti
844 1464 973 1502 acriter
1012 1462 1243 1502 restitisset?

135 1537 365 1577 Mercenario
385 1537 497 1574 milite
516 1537 742 1575 Graecorum
766 1534 933 1574 alebatur
952 1534 1135 1573 exercitus
1150 1535 1244 1583 (3),

136 1619 250 1656 quum
288 1607 359 1655 ipsi
395 1606 547 1644 inertiae
585 1617 626 1643 ac
665 1605 768 1643 luxui
806 1604 953 1654 largiter
993 1604 1239 1651 indulgerent.

136 1677 362 1724 Neutiquam
383 1677 552 1725 profecto
582 1674 764 1723 ejusmodi
791 1674 881 1723 quid
910 1675 948 1712 in
973 1676 1133 1712 vetustis
1160 1684 1247 1721 gen·

136 1747 183 1785 tis
207 1747 453 1785 monumentis
483 1745 676 1793 invenia53
712 1744 777 1781 sed
799 1743 836 1780 in
860 1753 958 1781 tanta
992 1754 1136 1781 morum
1165 1753 1248 1780 cor-

144 1819 286 1865 ruptela
318 1816 454 1863 patriae
483 1816 542 1853 vix
574 1814 774 1853 habebatur
804 1813 912 1852 ratio,
971 1812 1108 1852 Nativa
1146 1823 1248 1851 com-

1170 1894 1249 1920 mu-

187 2004 234 2042 (ι)
259 2001 369 2041 Nepos
402 2003 472 2032 Vir.
501 2002 664 2041 Thrasyb.
687 2011 716 2031 c.
737 2010 766 2030 2.

188 2058 234 2096 (2)
259 2056 310 2086 Cf.
338 2055 389 2086 Cl.
413 2055 559 2091 Heeren‚
592 2056 698 2087 Idee'n
722 2053 802 2085 Vol.
832 2053 891 2086 Vl.
916 2064 948 2092 p.
970 2053 1044 2084 425.
1070 2062 1162 2092 sqq.,

188 2111 236 2151 (ὅ)
258 2109 399 2149 Legatur
429 2108 487 2140 hac
520 2110 559 2139 de
591 2119 626 2138 re
659 2109 761 2141 Isocr.
795 2110 839 2139 ad
863 2108 956 2138 Phil.
978 2118 1011 2146 p.
1041 2117 1126 2145 101.;
1157 2107 1251 2136 Orat.

148 2164 315 2204 Areopag.
335 2162 468 2201 p.156.;
494 2163 643 2192 Panath.
664 2172 697 2200 p.
720 2161 810 2203 249.;
834 2163 943 2202 Epist.
969 2160 1016 2190 11.
1038 2170 1070 2198 p.
1091 2160 1160 2190 410.
1184 2163 1251 2188 tum

149 2226 225 2246 vero
245 2217 337 2246 etiam
369 2219 463 2247 Orat.
487 2217 524 2245 de
545 2217 626 2246 Pac.
648 2226 682 2254 p.
704 2216 776 2256 167.
797 2226 870 2255 sqq.
892 2215 963 2257 174.
978 2235 988 2251 ‚
1018 2224 1097 2254 quae
1124 2212 1251 2253 quidem

153 2271 279 2308 oratio,
314 2275 348 2300 ut
380 2270 457 2299 aliae
493 2270 631 2306 multae,
669 2270 707 2298 'ad
732 2270 886 2299 internam
915 2268 1111 2298 Athenarum
1138 2266 1254 2296 condi—

152 2324 268 2353 tionem
289 2325 349 2354 rite
373 2323 610 2362 percipiendam
636 2333 788 2363 perquam
815 2327 863 2352 est
883 2322 1007 2353 idonea.
1035 2321 1086 2351 Cf.
1100 2320 1152 2352 Cl.
1167 2319 1255 2349 Hee-

158 2387 234 2414 ren,
263 2378 378 2414 Ide‘en,
406 2376 481 2408 Vol.
510 2376 571 2406 Vl.
597 2387 628 2415 p.
654 2387 725 2417 297.
747 2386 818 2416 sqq.
