1492 2896
276 290 304 332 8
360 286 461 332 J.L.
482 286 528 331 C.
550 283 908 329 SCHROEDER
924 297 1027 328 vAN
1054 298 1152 328 DER
1172 283 1334 331 KOLK

277 420 617 480 templationibus
651 419 866 462 fundatam
889 452 899 472 ,
926 427 1009 463 tam
1052 421 1258 478 egregiam
1286 435 1395 480 pro-

277 505 508 556 posuerunt
524 529 535 549 ‚
565 505 610 540 ut
634 497 684 540 de
699 497 900 540 sententia
928 499 1218 542 nonnullorum
1239 497 1393 557 Scrip-

280 581 420 617 torum
445 573 722 618 recentiorum
738 606 749 625 ,
780 574 852 630 qui
884 574 935 618 de
962 575 1121 618 morbis
1142 575 1396 620 mentalibus

275 649 571 708 investigandis
598 658 636 694 et
664 651 858 694 curandis
882 650 988 694 bene
1030 659 1292 706 meruerunt,
1324 653 1392 697 vix

276 733 420 770 nostra
465 734 598 772 aetate
635 726 699 771 his
740 729 1006 784 antiquorum
1040 729 1276 788 praeceptis
1311 729 1392 773 ali-

274 803 376 860 quid
410 803 509 847 addi
539 804 725 862 potuerit
755 803 844 862 (5).

326 880 521 937 Quantos
551 895 652 924 sane
675 895 924 939 progressus
958 882 1167 926 Medicina
1200 884 1388 938 fecisset,

273 957 308 1000 si
352 956 501 1000 horum
544 957 726 1002 virorum
782 959 954 1016 vestigia
979 959 1292 1017 insequentibus
1317 977 1391 1007 se-

269 1034 371 1078 culis
407 1034 538 1078 secuti
582 1035 756 1079 fuissent
804 1036 989 1080 Medici!
1049 1037 1220 1082 Summe
1261 1039 1387 1096 igitur

269 1111 519 1164 dolendum,
551 1111 749 1154 barbarie
772 1119 813 1156 et
838 1111 999 1156 inscitia
1023 1114 1151 1157 medii
1175 1115 1265 1158 aevi
1289 1129 1386 1158 om-

267 1188 312 1231 ni
363 1203 459 1232 vera
520 1188 741 1247 disciplina
794 1189 980 1233 sutilibus
1034 1189 1384 1250 disputationibus

266 1263 420 1308 misere
458 1273 684 1324 corrupta,
731 1266 881 1309 obruta
916 1274 955 1309 et
993 1267 1118 1325 plane
1154 1268 1382 1322 exstincta,

265 1356 407 1385 veram
448 1341 558 1385 hanc
613 1342 720 1385 viam
772 1342 987 1398 reliquisse
1043 1344 1256 1397 Medicos,
1315 1345 1372 1389 ita

264 1423 311 1460 ut
347 1431 440 1461 cum
463 1424 550 1461 tota
593 1418 802 1462 Medicina
833 1419 957 1462 etiam
1000 1419 1103 1464 haec
1144 1436 1244 1480 pars
1280 1438 1381 1480 gra-

265 1493 432 1536 vissima
471 1494 682 1538 evanuerit
736 1509 925 1553 prorsus.
1020 1498 1233 1543 Revocata
1272 1500 1381 1545 enim

266 1579 328 1615 est
368 1571 473 1615 haec
520 1572 573 1615 de
621 1571 907 1616 Daemonibus
951 1575 1176 1627 sententia,
1248 1591 1381 1620 orna-

264 1656 308 1692 ta
354 1648 478 1693 etiam
522 1655 564 1692 et
609 1648 832 1692 commixta
882 1649 1180 1709 Theosophiae
1222 1651 1381 1697 Orien-

263 1725 406 1769 talium
428 1757 440 1777 ,
515 1725 817 1768 Zoroastri
880 1734 919 1769 et
985 1727 1058 1785 Py
1079 1727 1338 1787 thagora
1357 1746 1380 1775 e

264 1802 456 1860 placitis,
499 1808 625 1859 atque
654 1802 821 1846 scholae
861 1804 1167 1849 Alexandrinae
1204 1807 1380 1851 somniis

263 1879 397 1929 adeo,
427 1885 472 1922 ut
513 1878 557 1921 in
594 1879 827 1923 doctrinam
868 1882 1140 1926 emanationis
1174 1890 1213 1927 et-
1255 1883 1378 1929 Kab-

260 1956 401 2000 balam
434 1955 607 2008 abierit,
640 1971 746 2012 quae
773 1957 971 1999 mundum
997 1959 1165 2016 Angelis
1191 1967 1231 2005 et
1258 1961 1376 2006 Dae-

262 2033 457 2076 monibus
487 2033 692 2091 repleret,
728 2034 867 2078 omnia
893 2042 1028 2078 autem
1065 2036 1177 2081 bona
1215 2046 1254 2082 et
1281 2055 1376 2084 ma-

258 2111 298 2154 la
333 2126 382 2154 ex
412 2110 527 2154 hisce
559 2110 766 2154 derivaret
791 2110 878 2169 (6).

318 2186 392 2230 His
408 2187 560 2230 factum
585 2194 645 2230 est
664 2218 676 2240 ,
708 2194 751 2231 ut
781 2188 983 2232 insaniam
1012 2197 1083 2233 aut
1109 2190 1373 2239 Daemonum

261 2263 300 2305 vi
324 2262 480 2306 adferri
513 2271 552 2306 et
578 2263 768 2316 i-ncutiri‚
801 2273 872 2308 aut
902 2280 1081 2323 poenam
1108 2283 1131 2310 a
1161 2268 1253 2313 Deo
1283 2286 1373 2316 esse

258 2341 452 2393 missam,
473 2341 581 2384 nulla
608 2341 645 2383 vi
668 2342 747 2385 nisi
778 2343 1009 2387 exorcismo
1025 2375 1037 2397 ,
1067 2345 1130 2388 vel
1157 2344 1370 2392 Sacerdo-
