1492 2896
322 289 371 331 15
573 287 655 332 PH.
689 290 738 332 G.
773 302 873 331 vm<
907 286 1166 337 HEUSDE.

316 422 562 466 doctoribus
590 421 618 464 S
635 422 777 476 egari
794 438 814 463 u
829 438 866 464 m
883 454 892 468 ,
926 421 959 464 Η
975 437 996 465 e
1013 438 1032 465 r
1049 438 1101 466 m.
1139 423 1173 466 R
1189 437 1319 482 oyaa
1334 423 1420 466 rd-

315 500 442 542 sium
459 531 470 550 ‚
529 497 778 556 Segarianae
836 512 920 541 non
977 498 1108 542 minus
1151 499 1389 558 disciplinae
1406 532 1417 552 ,

316 591 439 632 quam
469 575 589 631 hujus
619 574 866 619 Academiae
896 575 1048 627 decus,
1089 582 1176 619 tum
1218 576 1424 620 Relan-

314 654 430 695 dum
450 684 461 702 ‚
524 652 747 696 flavium
804 660 842 695 et
888 652 1055 710 dignum
1099 652 1421 696 Schultensiana

313 730 455 774 schola
492 730 724 779 alumnum,
766 729 846 774 Jo.
887 729 1060 773 Herm.
1090 729 1416 794 Pal-avium?

314 808 501 863 Longum
547 814 607 850 est
647 820 886 851 enumerare
923 820 1094 850 omnes:
1135 819 1232 849 nam
1269 804 1313 848 in
1339 804 1419 849 hac

314 883 476 927 Erasini
530 891 652 939 atque
706 881 842 926 Grotii
892 881 1027 940 patria
1075 895 1198 926 nemo
1236 894 1419 938 unquam

313 973 508 1017 spernere
548 958 812 1002 humanitatis
853 958 1114 1017 disciplinam
1161 970 1285 1002 ausus
1329 965 1418 1002 est:

312 1050 457 1080 omnes
500 1051 587 1079 eam
622 1035 808 1079 certatim
840 1034 984 1078 studiis
1007 1036 1092 1079 suis
1123 1034 1416 1091 adhibuerunt.

311 1113 395 1157 Sed
440 1121 484 1156 ut
528 1113 630 1156 duas
660 1112 728 1156 illa
759 1120 868 1156 artes
896 1111 1177 1155 nobilissimas
1205 1109 1419 1164 continet,

310 1190 584 1246 eloquentiam
620 1198 659 1233 et
686 1189 828 1248 poesin
845 1220 858 1242 ,
887 1189 944 1232 ita
973 1188 1077 1232 duos
1105 1188 1176 1232 hic
1206 1187 1418 1232 celebrare

310 1269 420 1311 viros
446 1267 581 1323 juvat,
614 1266 710 1323 qui,
743 1265 928 1322 quamvis
956 1265 1146 1324 dispares
1169 1264 1338 1322 ingenio
1366 1277 1416 1308 ac

312 1343 521 1395 moribus,
553 1342 710 1401 pariter
737 1350 876 1385 tamen
910 1341 1177 1384 Academiam
1205 1346 1415 1393 nostram,

309 1421 374 1463 his
400 1420 442 1462 in
474 1419 617 1477 primis
646 1418 893 1462 adhibendis
918 1417 1227 1474 tractandisque
1246 1449 1260 1472 ,
1284 1431 1417 1462 orna-

306 1503 430 1540 runt:
463 1497 635 1540 alterum
667 1495 974 1539 Gisbertum
1004 1495 1314 1546 Bonnetum‚
1345 1495 1414 1539 fa-

303 1572 625 1623 cundissimum,
657 1571 690 1615 si
717 1571 809 1628 quis
836 1571 960 1622 alius,
993 1578 1227 1624 oratorem,
1259 1571 1412 1629 quique

304 1648 386 1691 hac
417 1647 516 1691 artis
554 1647 745 1691 facultate
776 1661 861 1690 non
893 1647 1058 1698 minus,
1104 1662 1229 1704 quam
1259 1647 1411 1705 ingenii

302 1723 554 1776 subtilitate,
600 1722 829 1767 eruditione
872 1730 911 1766 et
940 1738 1038 1767 vero
1068 1723 1220 1782 pietate
1247 1723 1410 1768 doctri-

303 1816 398 1844 nam
429 1801 518 1860 ipse
546 1816 661 1844 suam
690 1813 781 1844 cum
811 1799 1028 1859 provexit,
1072 1806 1157 1843 tum
1189 1800 1408 1844 salutarem

301 1878 536 1921 auditorum
563 1876 707 1920 animis
735 1876 940 1920 reddidit:
988 1879 1160 1921 alterum
1204 1876 1410 1923 Simon—

302 1956 436 1999 sium
465 1962 680 2006 nostrum,
711 1953 1082 2012 ingeniosissimum
1100 1961 1295 2013 poetam,
1323 1954 1409 1999 imo

301 2040 467 2091 poetam
494 2046 632 2075 verum
652 2063 664 2084 ‚
695 2031 857 2088 qualem
879 2030 972 2090 ipse
997 2030 1118 2075 nobis
1146 2031 1408 2075 adumbravit

300 2109 545 2165 aliquando,
589 2108 746 2167 quippe
773 2107 843 2166 qui
872 2108 1100 2152 naturalem
1129 2121 1306 2167 poeseos
1338 2108 1407 2152 fa-

298 2187 487 2229 cultatem
532 2184 716 2243 legendis
748 2184 1038 2241 vertendisque
1061 2183 1272 2230 veteribus
1298 2199 1406 2244 poe-

295 2261 375 2311 tis,
421 2260 592 2317 Virgilio
626 2260 803 2304 maxime
832 2266 872 2304 et
900 2259 1105 2309 Horatio,
1149 2261 1398 2306 excoluerat.

294 2336 491 2381 Carmina
535 2336 609 2380 viri
651 2336 808 2381 tamdiu
848 2350 939 2380 cum
975 2336 1017 2380 in
1059 2336 1195 2395 patria
1231 2345 1404 2390 nostra,
