1492 2896
501 267 887 312 ORATM).
1222 270 1248 312 ‘J

138 407 239 451 <cais
273 404 569 462 Theologum?
632 402 861 448 Historiam
888 402 1081 455 consule,
1124 409 1250 459 atque

135 490 247 536 «illa
282 489 466 535 veritatis
495 488 610 532 testis
646 495 686 531 te
726 488 901 540 doceat,
934 486 1250 545 Philosophiam

135 575 464 620 «doctrinarum
488 573 673 618 omnium
698 587 787 617 esse
801 572 1050 617 levissimam
1065 603 1077 626 ,
1096 572 1253 631 quippe

133 675 286 718 «quae
326 658 497 718 singulis
538 658 626 702 fere
666 657 871 702 aetatibus
907 656 986 700 alia
1017 655 1174 715 prodiit
1213 662 1255 700 et

134 758 285 790 «nova
314 743 467 802 specie.
526 741 714 794 Doceat,
749 740 1065 800 Philosophiam
1093 740 1136 784 in
1159 755 1256 784 om·-

136 826 247 871 «nia
284 826 401 871 devia
440 825 606 869 duxisse
642 825 912 884 Theologos,
946 825 1255 881 multorumque

137 925 370 956 <terrorum
425 918 466 955 et
514 909 702 954 inanium
742 911 1033 967 quaestionum
1079 917 1256 953 matrem

138 1012 165 1040 <c
181 996 306 1040 fuisse
329 995 720 1040 foecundissimam.-
743 995 906 1039 Verbo:
939 994 1190 1053 Philosophi
1214 1003 1259 1036 et

140 1080 348 1126 «fuerunt
382 1088 427 1121 et
466 1086 563 1123 sunt
587 1079 810 1123 etiamnum
844 1078 1014 1137 pessimi
1038 1077 1258 1135 Theologi.

140 1165 327 1221 «Neque
363 1163 447 1207 hoc
484 1162 671 1218 mireris3
703 1177 800 1206 nam
838 1162 909 1206 isti
943 1161 986 1205 in
1021 1162 1162 1206 omnia
1192 1162 1262 1205 in-

141 1249 382 1306 «quirunt,
421 1254 571 1292 cuncta
607 1249 750 1292 volunt
783 1233 1012 1305 intelligere
1051 1254 1090 1290 et
1125 1246 1261 1299 scire,

84 1380 88 1383 .
140 1332 389 1398 «sapientes
426 1332 507 1376 sibi
543 1331 759 1384 videntur,
800 1345 958 1387 suaque
1001 1329 1173 1374 scientia
1216 1345 1261 1373 se

142 1416 390 1471 «efferunt,
422 1417 562 1461 divina
593 1416 763 1461 oracula
794 1430 872 1459 suo
898 1414 1122 1472 subjiciunt
1149 1413 1265 1472 judi-

143 1503 277 1557 «cio,
321 1501 422 1560 quid
455 1501 553 1546 sciri
594 1508 634 1545 et
660 1500 750 1546 fieri
780 1499 916 1559 possit
945 1499 1266 1551 demonstrant,

147 1604 174 1633 (ε
191 1602 298 1645 quae
324 1601 475 1646 capere
506 1593 721 1643 nequeunt
752 1584 951 1628 audacter
981 1583 1174 1641 rejiciunt
1203 1584 1267 1627 vel

147 1689 173 1716 «
189 1672 274 1717 suis
299 1670 568 1730 opinionibus
592 1669 937 1722 accommodant,
961 1675 1087 1725 alque
1107 1667 1191 1720 ita,
1222 1674 1266 1711 ut

148 1756 391 1801 «levissime
407 1755 544 1799 dicam
556 1789 567 1806 ‚
586 1756 951 1806 Bahman-ctae,
970 1752 1042 1809 qui
1057 1752 1265 1804 dicuntur,

148 1858 174 1886 «
191 1850 234 1884 et
264 1840 347 1900 ipsi
375 1840 505 1891 fiunt,
537 1849 580 1882 et
613 1838 717 1883 alios
746 1837 941 1882 reddunt.
984 1836 1159 1881 Utinam
1181 1850 1268 1894 po-

149 1925 271 1970 «tius
289 1925 412 1969 istam
433 1923 752 1983 Philosophiam
773 1937 821 1966 ex
840 1920 1095 1979 Theologiae
1110 1920 1266 1966 scholis

148 2011 254 2055 «vel
280 2011 398 2054 furca
431 2009 636 2069 expellere
669 2009 946 2068 possemus!'’
994 2005 1161 2061 Audio,
1193 2008 1269 2051 sed

149 2094 288 2138 habeo
304 2125 318 2148 ,
345 2093 460 2151 quod
486 2093 778 2153 respondeam.
820 2092 886 2136 De
905 2090 1179 2153 Philosophia
1205 2091 1269 2135 vel

151 2179 268 2223 furca
300 2178 542 2238 expellenda
571 2176 689 2222 dieis.
753 2176 839 2221 Sed
879 2176 962 2219 hoc
993 2189 1044 2219 ne
1074 2173 1269 2228 coneris,

153 2278 249 2307 nam
288 2262 505 2307 hominum
544 2261 690 2306 animis
731 2261 854 2305 insita
893 2267 966 2305 est.
1032 2261 1132 2304 Jam
1168 2273 1270 2304 vero

155 2355 343 2393 naturam
374 2348 554 2407 expellas
581 2347 723 2413 furca,
746 2353 885 2390 tamen
911 2360 1044 2402 usque
1067 2349 1267 2388 recurret.
