1492 2896
209 872 425 950 Escendi
444 903 571 964 igitur
593 900 787 961 equidem
806 899 851 944 in
867 896 1112 946 cathedram
1126 897 1265 944 hanc-

102 1017 106 1020 ·
147 1003 221 1044 ce,
257 997 302 1035 at
342 1005 526 1048 quonam
563 990 643 1034 sim
684 987 854 1041 animo,
890 999 978 1031 non
1019 992 1111 1040 est,
1148 984 1264 1042 quod

146 1073 310 1131 dicam3
346 1088 446 1119 nam
479 1074 616 1120 vultus
653 1079 694 1118 et
721 1086 804 1118 vox
835 1078 876 1116 et
907 1077 1073 1116 artuum
1103 1077 1264 1115 tremor

143 1173 213 1203 me
252 1157 465 1218 produnt,
507 1157 693 1216 satisque
734 1155 970 1210 declarant,
1014 1169 1144 1214 quam
1183 1154 1265 1199 sim

143 1250 381 1288 commotus
409 1249 450 1288 et
476 1243 563 1288 fere
591 1241 876 1302 perturbatus.
922 1240 1092 1286 Scilicet
1116 1240 1265 1285 dicen-

143 1327 243 1373 dum
284 1329 370 1386 jam
409 1328 513 1373 mihi
553 1334 644 1382 est,
698 1342 786 1372 non
830 1340 975 1372 coram
1020 1325 1264 1370 Christiano

144 1421 294 1468 coetu,
318 1414 391 1472 qui
415 1427 581 1459 sacram
611 1414 656 1458 in
686 1413 832 1459 aedem
864 1412 1087 1465 confluxit,
1118 1411 1172 1456 ad
1195 1411 1265 1455 di-

143 1497 336 1543 vinorum
355 1497 746 1558 interpretationem
771 1498 1043 1543 oraculorum
1068 1497 1264 1542 modesto

145 1588 187 1626 et
214 1581 340 1626 docili
373 1581 514 1627 animo
540 1582 854 1642 accipiendam,
895 1582 969 1628 sed
994 1596 1138 1627 coram
1165 1581 1263 1626 illu-⁹

145 1666 220 1709 stri
242 1666 581 1712 doctissimorum
605 1666 789 1711 virorum
811 1681 862 1712 ac
876 1666 1264 1727 praestantissimo-

145 1765 238 1794 rum
261 1750 455 1806 juvenum
487 1764 669 1804 corona,
700 1751 884 1795 Palladis
913 1751 957 1794 in
986 1750 1127 1795 sedem
1156 1765 1266 1794 con-

146 1840 342 1891 gregata,
374 1848 462 1878 non
494 1829 683 1879 discendi
720 1849 889 1887 caussa,
927 1834 1001 1878 sed
1044 1834 1239 1878 audiendi
1250 1859 1263 1888 ⁵

146 1916 248 1973 quid
282 1930 415 1961 novus
449 1917 518 1961 ille
554 1918 777 1962 Professor
811 1918 1029 1977 proferat,
1068 1919 1139 1975 qui
1177 1919 1265 1976 ejus

144 2014 292 2045 sensus
329 2000 440 2054 sint,
495 2007 537 2046 et
578 2001 682 2058 quid
731 2001 984 2046 Academiae
1023 2002 1264 2046 Ecclesiae-

146 2099 228 2143 que
253 2083 306 2129 de
333 2084 406 2129 illo
441 2099 614 2144 sperare
640 2085 775 2130 liceat.
822 2086 1045 2130 Praeterea
1072 2087 1264 2131 facienda

146 2174 243 2212 sunt
279 2167 384 2212 mihi
428 2168 586 2223 verba,
636 2183 723 2212 non
773 2169 940 2228 patrio,
991 2170 1065 2214 sed
1111 2166 1263 2215 'Latino

149 2264 365 2304 sermone,
405 2251 523 2309 cujus
556 2266 656 2296 usus
694 2251 796 2296 mihi
826 2253 912 2297 fere
946 2254 989 2297 in
1019 2254 1263 2300 desuetudi-

148 2349 241 2379 nem
276 2335 401 2389 abiit,
449 2351 540 2380 cum
583 2336 842 2395 undeviginti
879 2338 964 2396 jam
1006 2341 1139 2385 exacti
1181 2341 1265 2385 sint
