1492 2896
483 249 873 306 ORATIO.
1215 238 1261 287 'l‘

140 414 142 417 ’
178 401 306 465 Quod
334 400 354 446 ὅ
382 397 654 456 φιλοπλαίτων
686 389 754 432 ille
779 386 824 443 ²¹²)
858 384 942 442 jam
972 375 1240 422 animadver-

121 491 197 545 tit,
230 485 430 546 quodque
468 489 512 524 et
548 478 592 521 in
634 473 793 520 Schola
830 459 1077 516 Socratica,
1117 468 1162 503 et
1196 458 1241 500 in

123 590 200 621 sua
223 570 454 621 Oratione,
479 562 620 609 alteris
637 554 888 604 Academiae
906 556 1076 594 nostrae
1092 556 1244 589 saecu-

122 657 283 705 laribus
306 653 453 699 habita
467 682 480 704 ,
503 643 768 692 Clarissimus
793 644 937 683 noster
965 633 1097 677 Heus
1108 628 1244 679 dius,

128 750 249 790 acute
267 748 307 786 et
328 736 573 800 perpulcre,
600 737 647 774 ut
674 727 803 778 solet,
841 717 1065 782 probavit,
1101 725 1248 758 omnes

130 835 242 873 artes
270 832 311 870 et
336 819 550 868 doctrinas
584 813 743 858 habere
780 805 998 867 quoddam
1028 808 1249 845 commune

130 910 369 961 vinculum,
405 912 446 950 et
481 900 602 960 quasi
637 892 890 954 cognatione
922 886 1106 946 quadam
1141 881 1251 925 inter

133 1012 179 1059 spe
211 989 444 1043 contineri,
478 987 523 1030 id
560 983 667 1028 valet
701 977 895 1038 inprimis
941 973 993 1016 de
1037 969 1256 1013 Philoso-

131 1082 249 1139 phia
279 1083 320 1120 et
357 1071 634 1125 Theologia,
659 1065 745 1108 imo
774 1054 1051 1115 Philosophia
1082 1051 1257 1094 alterum

137 1162 397 1211 vinculorum
425 1162 509 1207 est,
540 1150 691 1209 quibus
715 1153 826 1190 artes
849 1150 889 1187 et
913 1136 1131 1183 doctrinae
1152 1144 1261 1175 con-

138 1250 338 1295 tinentur.
380 1239 717 1294 Haudquaquam
749 1229 876 1288 igitur
908 1220 1147 1269 mirandum
1177 1221 1260 1265 est,

140 1334 283 1385 illam,
310 1335 356 1373 ut
386 1339 480 1370 cum
514 1318 690 1365 caeteris
722 1310 978 1371 disciplinis,
1011 1307 1071 1349 ita
1104 1309 1143 1346 et
1169 1312 1265 1344 cum

59 1483 64 1490 .
145 1412 378 1471 Theologia
413 1404 622 1465 conjungi.
684 1398 833 1458 Quid?
881 1392 997 1452 quod
1032 1381 1267 1441 Theologia

106 1524 112 1528 ·
146 1495 424 1555 Philosophia
461 1502 639 1550 prorsus
682 1496 826 1528 carere
861 1476 1026 1534 nequit:
1072 1484 1156 1528 quo
1197 1467 1270 1518 fit,

149 1592 196 1631 ut
219 1585 330 1627 hanc
354 1594 432 1639 per
461 1588 586 1619 omne
613 1583 758 1615 aevum
789 1580 883 1609 cum
907 1562 976 1605 illa
1006 1555 1274 1612 conjunctam

153 1670 382 1715 videamus.
446 1656 622 1706 Obtin‘et
664 1660 802 1697 autem
850 1645 980 1697 illud,
1034 1638 1149 1698 quod
1192 1636 1276 1693 jam

157 1753 328 1803 monui,
368 1745 524 1791 nostris
566 1739 746 1784 maxime
793 1729 1084 1790 temporibus,
1128 1720 1279 1778 quibus

124 1842 126 1846 ’
163 1839 268 1882 adeo
294 1833 497 1879 excultum
525 1834 585 1871 est
610 1825 837 1867 humanum
857 1811 1088 1872 ingenium,
1119 1813 1159 1849 et
1178 1802 1284 1848 Phi-

163 1919 359 1980 losophia
385 1915 507 1973 viget.
569 1909 692 1966 Viget
722 1910 860 1947 autem
890 1898 996 1940 haec
1025 1887 1218 1951 inprimis
1242 1885 1288 1928 in

169 2003 452 2052 Germania;
502 2003 544 2038 at
589 2006 675 2035 non
725 1986 888 2032 tantum
934 1982 979 2025 in
1024 1973 1290 2020 Germania.

169 2092 292 2149 Viget
328 2085 453 2130 etiam
489 2081 534 2124 in
571 2083 716 2121 nostra
747 2068 912 2132 patria,
949 2061 1209 2115 maximeque
1248 2054 1292 2097 in

169 2173 638 2201 ----——-——--‘
1245 2146 1248 2150 Δ

217 2246 251 2286 *)
280 2240 331 2272 Sic
359 2236 479 2268 Cicer
489 2244 507 2262 o
517 2243 536 2261 n
546 2242 600 2260 em
629 2225 736 2269 putavi
767 2232 855 2263 posse

181 2302 260 2333 doct.
273 2301 353 2330 Heu
363 2294 442 2326 sdii
454 2291 701 2332 disquisitionem
714 2299 719 2316 ·.
738 2286 782 2320 M.
797 2280 920 2314 Tullzus
936 2277 1037 2306 Cicero
1051 2266 1299 2312 Φιλοπλάτων-

185 2358 240 2388 Tr.
258 2355 294 2385 ad
311 2352 411 2385 Rhea.
437 2348 528 2379 183ss.

884 2214 1060 2258 appellari,
1093 2213 1164 2251 post
1185 2206 1301 2237 editam
