1492 2896
443 269 825 314 ORATIO.
1117 266 1169 308 ΙΗ

79 429 169 458 mos
221 411 411 458 redderet
465 413 620 455 fructus
649 442 658 461 ‚
720 417 764 452 ut
825 414 1003 452 tueretur
1063 421 1177 449 suam

78 490 340 548 dignitatem,
371 503 478 545 quae
508 502 591 531 non
621 487 664 530 in
697 485 809 529 inani
838 485 1015 541 quadam
1050 481 1181 541 gloria

77 573 116 610 et
151 566 289 617 fama,
330 579 416 609 non
450 563 492 607 in
532 578 636 606 vana
670 561 978 622 praedicatione
1017 560 1180 604 desua

76 641 224 691 laude,
268 641 340 685 sed
373 641 416 684 in
452 641 600 684 virtute
641 646 681 682 et
705 645 816 682 recte
853 636 974 680 factis
1007 643 1067 679 est
1099 651 1183 693 po-

76 717 179 772 sita,
212 725 336 775 atque
365 717 608 776 incorrupta
645 730 744 759 voce
774 715 878 758 bene
911 713 1179 770 judicantium

77 794 130 839 de
162 809 236 848 eo,
276 793 375 851 quid
413 794 580 846 deceat,
613 792 713 850 quid
750 793 788 836 in
828 791 967 835 officio
995 790 1073 844 sit,
1106 790 1184 833 de-

78 873 272 918 claratur.
845 878 851 882 '

135 949 318 1007 Quando
347 949 390 992 in
420 963 624 992 summum
654 947 880 1006 periculum
904 953 1046 990 nostra
1069 944 1186 990 Aca-

78 1025 213 1069 demia
259 1026 436 1069 deducta
482 1033 593 1078 erat,
650 1026 716 1069 ille
762 1040 836 1069 sua
884 1024 1104 1084 prudentia
1146 1031 1185 1067 et

77 1101 217 1146 studio
253 1116 345 1145 eam
381 1102 652 1154 sustentavit,
700 1109 825 1159 atque
857 1100 1034 1145 forsitan
1071 1101 1187 1144 cala-

77 1166 229 1223 mitoso
262 1179 332 1222 illo
369 1186 558 1237 tempore
611 1178 883 1222 conservavit.
934 1202 984 1209 ——
1038 1178 1185 1222 Testes

78 1245 175 1300 sunt
198 1245 290 1313 >ejus
319 1255 542 1314 Discipuli,
574 1255 685 1312 iique
717 1270 800 1299 non
831 1255 971 1314 pauci,
1008 1269 1184 1312 quorum

79 1333 241 1377 animos
285 1333 494 1391 religionis
539 1333 775 1393 praeceptis
815 1333 1063 1376 salutaribus
1104 1332 1188 1375 im-

78 1410 191 1462 buit,
238 1425 344 1466 quae
392 1409 479 1454 aliis
512 1425 623 1455 nunc
652 1410 847 1463 tradunt,
879 1411 1031 1467 quibus
1073 1409 1187 1468 ipsi‚¹

81 1494 125 1531 ut
158 1494 349 1546 oportet,
381 1487 552 1532 obedire
581 1488 777 1532 ardenter
810 1487 997 1547 cupiunt.
1041 1511 1099 1521 —
1139 1486 1185 1531 Si

79 1564 182 1623 ipsis
223 1564 344 1608 datur
376 1564 568 1616 occasio,
612 1564 791 1608 animum
835 1579 953 1608 suum
998 1562 1189 1622 gratissi-

80 1655 192 1684 mum
232 1655 328 1698 erga
365 1656 455 1684 eum
491 1641 756 1694 declarandi,
799 1655 1055 1700 magnopere
1091 1656 1187 1699 gau-

82 1717 206 1772 dent;
237 1717 350 1775 quod
378 1718 569 1776 gaudium
596 1718 834 1777 nuperrime
860 1718 1063 1770 vidimus,
1091 1731 1183 1761 cum

83 1793 165 1837 hoc
199 1795 318 1848 loco,
350 1795 428 1838 hac
457 1795 500 1838 in
532 1794 769 1847 Cathedra,
801 1802 872 1847 te,
904 1795 1184 1838 Clarissimum
1227 1801 1229 1805 “

84 1870 283 1924 Vinke,
316 1872 623 1916 dilectissimum
664 1887 781 1917 suum
819 1871 1108 1930 Discipufflm,
1151 1872 1187 1916 ei

83 1960 390 2001 successorem,
425 1949 547 1992 nobis
588 1948 798 2007 Collegam
836 1949 1186 2001 datum‚'audie-

84 2024 233 2069 hamus
262 2033 474 2070 commoto
497 2025 636 2070 animo
665 2026 894 2079 dicentem,
924 2041 1015 2070 eum
1048 2025 1121 2071 tibi
1145 2026 1187 2070 in

85 2101 224 2145 Patris
253 2103 348 2146 loco
374 2102 512 2147 fuisse.

142 2178 250 2223 Sunt
285 2179 408 2238 igitur
442 2179 537 2224 huic
577 2180 700 2234 Seni,
733 2195 909 2237 quorum
949 2182 1187 2226 recordatio

86 2255 380 2312 jucundissima
411 2264 496 2309 est,
540 2268 646 2314 quae
676 2257 797 2302 etiam
839 2258 1010 2302 multum
1054 2260 1189 2304 valent

88 2332 142 2375 ad
178 2333 469 2386 acerbitatem,
526 2345 649 2391 quam
690 2333 842 2379 afferre
876 2342 1064 2380 senectus
1105 2351 1187 2395 po-
