1492 2896
462 246 830 302 uuaz-10.
1030 284 1041 294 .,
1145 238 1234 303 25η

990 312 994 313 ⁷
1012 292 1109 314 wana:
1133 294 1137 299 ’

101 379 279 439 Heringa
295 412 306 434 ,
348 379 459 438 quod
488 395 565 439 per
592 381 783 440 corporis
807 380 1086 426 infirmitatem
1110 394 1206 443 ,non

99 457 294 514 potuisti,
316 458 404 508 sac,
429 458 544 515 quod
562 457 644 502 hoc
665 457 822 515 ingenii
841 457 1051 519 animique·
1066 453 1210 521 vigore

98 539 243 590 potes:
287 533 340 577 da
382 533 504 579 nobis
533 534 782 579 Academiae
809 534 1214 599 Rhenotrajectinae,

98 609 313 654 historiam
338 611 577 657 litera-riam.
639 612 687 655 ld
712 612 747 655 si
772 613 1028 671 praestiteris
1055 613 1204 668 nobis,

97 685 223 731 lenies
275 687 586 744 quodammodo
638 688 886 733 desiderium
932 690 1204 749 doloremque

97 770 309 818 nostrum,
339 764 419 821 tuis
451 772 585 809 autem
617 765 789 810 summis
821 765 865 809 in
897 766 1005 811 hanc
1036 767 1207 812 Acade-

96 840 222 885 miam
250 841 406 892 meritis
429 841 634 901 fastigium
659 849 699 887 et
721 856 922 887 coronam
941 843 1210 903 imposuerisr

157 917 245 961 Vos
281 925 417 962 autem
451 918 652 977 intuenti,
697 920 948 978 optimarum
986 923 1134 975 artium
1159 923 1216 966 in.

100 995 180 1040 hac
201 995 426 1051 Academia
448 996 645 1053 studiosi,
679 996 761 1040 dici
782 1011 866 1042 non
888 1005 1052 1057 potest,
1082 1013 1206 1056 quam

97 1079 218 1131 grato
238 1087 361 1116 sensu
386 1072 545 1130 animus
570 1072 672 1116 mihi
693 1074 982 1132 perfundatur.
1016 1074 1211 1134 Tempus

97 1149 200 1193 mihi
222 1149 266 1197 in
292 1149 536 1195 memoriam
563 1150 793 1203 revocatis,
826 1165 911 1208 quo
935 1151 1024 1210 ipse
1049 1151 1207 1208 juvenis

97 1228 194 1271 olim
224 1241 319 1271 cum
349 1228 393 1270 in
414 1228 801 1281 >Amstelodamensi
832 1228 1078 1281 Athenaeo,
1105 1236 1208 1274 -tum

95 1301 139 1347 in
175 1303 400 1356 Academia
445 1303 804 1362 Lugdunobatava
844 1305 991 1350 studiis
1035 1320 1209 1364 operam

96 1382 255 1426 navavi.
299 1381 598 1426 Suavissimum
624 1382 723 1428 illud
757 1382 860 1427 mihi
888 1383 989 1436 fuit,
1019 1398 1095 1427 nec
1126 1384 1209 1433 mi,-

99 1474 176 1505 nus
215 1473 338 1503 suave
372 1460 590 1518 profecto,
647 1460 766 1521 quod
800 1460 844 1503 in
886 1460 967 1504 hac
1013 1460 1212 1520 deinceps¹

99 1535 326 1580 Academia
360 1535 554 1593 transegi.
616 1536 722 1580 Nam
742 1524 744 1527 V
768 1536 850 1581 hoc
881 1538 1048 1595 quidem
1073 1540 1211 1583 minus

98 1614 192 1666 illo,
224 1613 380 1666 fateor,
412 1612 523 1656 curis
564 1626 614 1657 ac
654 1613 999 1664 sollicitudinibus
1035 1600 1209 1662 vacuum

102 1690 173 1733 fuit
189 1721 199 1741 ,
231 1697 498 1735 veruntamen
519 1689 563 1734 in
582 1690 880 1750 discipulorum
897 1693 1209 1752 amicorumque

103 1765 377 1818 benivolentia
419 1767 735 1823 acquiescebam
778 1769 888 1813 fere:
931 1785 1041 1814 nunc
1065 1786 1212 1816 senes-

102 1848 261 1886 centem
288 1849 352 1887 me
387 1843 613 1888 identidem
643 1851 779 1888 vestra
814 1854 976 1890 recreat
1014 1854 1053 1891 et
1088 1848 1208 1904 quasi

102 1920 257 1965 animat
291 1934 384 1967 cum
422 1921 641 1973 alacritas,
682 1929 769 1965 tum
797 1921 1045 1973 humanitas,
1107 1926 1211 1970 Ala-

83 1997 246 2055 critate
287 2004 425 2051 autem
471 2004 606 2043 vestra
654 2005 692 2041 et
728 2013 826 2042 vero
858 1999 1063 2047 hilaritate
1102 2016 1214 2045 nun-

101 2089 224 2131 quam
251 2074 411 2130 magis,
442 2089 566 2132 quam
595 2074 690 2134 ipso
715 2066 798 2120 hoc
831 2076 934 2124 festo
948 2062 1212 2140 Academiae

101 2152 166 2195 die
204 2151 429 2195 delectatus
467 2166 572 2197 sum
632 2152 739 2197 Nam
778 2155 901 2197 cece!
962 2169 1213 2227 quocunque

101 2236 296 2273 converto
329 2229 499 2291 oculo&
544 2228 677 2291 ubivis
698 2230 894 2295 laetitiam
920 2221 1097 2278 vultibus
1115 2249 1213 2279 ves<

101 2313 174 2354 {110
191 2320 427 2364 expressam
455 2292 586 2350 video.
650 2305 724 2352 Uti
753 2292 890 2353 autem
901 2324 992 2377 yos
1020 2299 1211 2365 habetis,

1164 303 1186 326 ,ἑ-
1213 307 1245 333 '⁴3'

1295 269 1403 328 125¹„
