1492 2896
284 262 334 301 66
681 258 1001 310 DisQuismo

288 381 330 408 se
367 370 518 407 istarum
564 379 682 406 rerum
722 369 988 417 cupiditatibus
1036 371 1237 418 dederunt,
1275 370 1396 420 ipsius

288 438 480 477 servitutis
505 439 625 475 locum
655 449 769 486 paene
793 439 958 476 infimum
989 439 1171 478 obtinent.
1198 440 1266 490 (ι)

344 510 483 564 Ve-rum
503 537 514 555 ‚
547 509 648 547 hisce
689 518 880 556 utcunque
913 510 1058 547 tandem
1100 511 1318 558 illustratiS,
1353 510 1399 548 ad

287 580 408 619 civilis
446 579 631 616 libertatis
671 578 926 626 exponendam
961 579 1151 618 notionem
1187 592 1285 619 nunc
1311 590 1402 619 con·

288 648 396 686 tinuo
423 659 635 697 pergamus.

788 764 825 811 ὃ·
857 776 891 812 3-

482 885 540 923 De
575 885 748 923 libertato
770 886 898 936 populi
923 888 998 924 sivo
1021 887 1202 925 civitatis.

337 1005 494 1045 Veteres
511 1035 524 1053 ‚
549 1005 708 1043 Romani
732 1005 941 1054 imprimis,
973 1007 1037 1054 qui
1062 1006 1264 1044 libertatem
1292 1005 1337 1042 ad
1362 1015 1402 1042 se

285 1085 425 1114 tantum
450 1076 634 1124 pertinere
654 1075 861 1123 putabant,
887 1077 949 1125 jus
974 1088 1050 1114 eam
1078 1076 1264 1112 duxerunt
1284 1083 1402 1112 arcte-

285 1157 358 1193 que
382 1147 657 1195 conjunxerunt
680 1157 763 1183 cum
788 1146 950 1183 civitatis
978 1147 1135 1183 notione
1153 1173 1165 1192 ‚
1192 1152 1232 1182 ut
1258 1143 1322 1192 qui
1349 1143 1401 1183 ci-

283 1216 408 1258 vitatis
435 1217 518 1265 jure
550 1214 760 1262 frueretur,
802 1215 896 1253 idem
932 1215 1040 1252 simul
1071 1215 1238 1252 libertate
1265 1214 1401 1262 gaude-

282 1295 340 1323 ret
360 1284 447 1334 (2).
501 1284 663 1324 Liberos
702 1286 808 1322 unice
841 1286 942 1323 cives
976 1285 1181 1330 vocabant,
1209 1284 1236 1323 i.
1259 1296 1294 1322 e.
1322 1295 1401 1322 om·

283 1364 348 1392 nes
381 1355 445 1402 qui
479 1354 643 1404 suffragii
678 1356 715 1392 in
743 1355 903 1392 comitiis
925 1355 1094 1402 ferendi,
1126 1356 1312 1392 honorum
1337 1365 1401 1401 pe-

283 1425 507 1471 tendorum,
539 1426 768 1473 provocandi
800 1426 1030 1471 aliarumque
1058 1437 1177 1462 rerum
1199 1426 1261 1474 jus
1288 1422 1400 1461 habe-

283 1503 364 1532 rent
385 1495 474 1545 (3).
528 1496 567 1533 Si
593 1508 680 1532 vero
704 1497 752 1532 ita
777 1496 821 1531 de
848 1495 977 1542 populi
1004 1495 1172 1532 libertate
1199 1493 1399 1531 existimari

282 1574 454 1613 oportet,
498 1565 608 1602 hodie
644 1566 773 1602 misera
811 1575 897 1601 sane
944 1575 998 1602 est
1034 1565 1196 1613 gentium
1233 1561 1399 1600 conditio

283 1646 487 1682 omnesque
535 1635 731 1681 Europeae
773 1644 901 1682 gentes
948 1634 1116 1671 libertate
1166 1643 1398 1679 nequaquam

282 1703 471 1745 fruuntur.
525 1706 594 1742 Est
641 1716 729 1741 vero
768 1705 897 1752 populi
938 1716 1003 1741 seu
1048 1704 1209 1741 civitatis
1248 1703 1397 1740 libertas

282 1774 314 1811 is
337 1783 456 1810 status
478 1774 599 1811 civilis
615 1802 627 1819 ‚
662 1786 737 1820 quo
763 1774 1020 1821 unusquisque
1046 1775 1081 1809 in
1107 1772 1256 1810 civitate
1274 1783 1396 1819 neque

282 1843 418 1881 civium
463 1855 616 1880 suorum
659 1854 779 1889 neque
826 1844 979 1880 aliorum
1018 1843 1209 1880 hominum
1248 1840 1395 1890 injuriis

282 1913 533 1960 prohibetur,
570 1924 617 1950 ne
644 1913 759 1950 officia
785 1925 849 1950 sua
872 1922 1046 1960 peragat,
1081 1912 1234 1949 omnino
1257 1913 1297 1949 ea
1324 1922 1396 1958 qua

280 1982 481 2019 honestum
527 1983 644 2020 civem
690 1984 794 2019 decet
835 1983 976 2020 ratione
1013 1983 1111 2020 vivat
1148 1991 1260 2030 atque
1296 1990 1393 2030 agat.

1302 2051 1395 2088 Fue·

303 2115 371 2154 v(1)
396 2113 466 2144 Cic.
493 2116 620 2145 Parad.
646 2114 689 2146 V.
713 2127 741 2146 c.
764 2126 793 2145 2.
818 2115 870 2145 Cf.
894 2114 1014 2144 Seneca
1037 2116 1148 2155 Epist.
1170 2113 1320 2144 LXXX.

322 2169 370 2205 (2)
398 2167 522 2198 Pariter
551 2169 576 2198 si
603 2169 675 2208 quis
701 2170 783 2207 apud
810 2170 967 2198 Romanos
992 2168 1175 2197 libertatem
1200 2167 1392 2203 amittebat,

275 2222 348 2265 jun}
386 2222 480 2250 etiam
513 2221 655 2251 civitatis
686 2223 900 2259 privabwur,
940 2221 1025 2261 quod
1061 2225 1127 2250 tum
1164 2220 1261 2250 fiebat
1294 2231 1394 2261 quum

277 2274 444 2303 maximam
478 2275 591 2312 capitis
624 2276 751 2304 subibat
783 2275 1041 2312 diminuti1uwin5
1072 2284 1262 2314 quamquam
1289 2274 1392 2303 media

277 2327 389 2365 capitis
410 2327 620 2357 diminutione
638 2350 646 2361 ‚
671 2329 784 2357 amissa
811 2330 941 2359 civitate
961 2349 968 2361 ,
1001 2327 1085 2356 saxva
1112 2333 1179 2355 erat
1207 2327 1350 2357 libertas.

314 2380 366 2416 (5)
391 2379 465 2408 vid.
490 2380 616 2409 Ernest.
641 2381 671 2408 iu
697 2382 794 2411 Ct'ave
821 2384 906 2416 cm,
931 2391 1006 2411 voce
1030 2380 1198 2410 Libertas.
