1492 2896
243 236 309 271 142
631 222 942 271 DISQUISITIO

238 331 411 368 Graeciae
440 330 583 366 fuerant
598 357 608 375 ‚
634 330 762 367 deinde
785 330 926 378 muris,
952 333 1052 369 velut
1069 331 1331 380 compedibus,

235 398 468 438 circumdatis
493 397 633 445 vincti,
671 399 708 436 in
733 409 929 438 extremam
956 401 1170 439 servitutem
1193 403 1333 441 detrusi

236 477 321 506 sunt
345 468 434 515 (1),
463 476 504 505 ut
528 468 668 506 tandem
685 496 698 516 ‚
722 469 882 508 amicitia
909 470 1061 518 quadam
1086 483 1169 510 cum
1194 473 1331 512 Roma-

235 538 292 575 nis
319 538 434 584 inita,
472 539 516 575 ab
542 538 671 576 horum
701 538 778 576 fere
800 538 949 577 arbitrio
974 542 1229 588 pependerint.

284 607 386 646 Patet
414 607 528 654 igitur
553 608 664 655 satis,
697 609 829 656 opinor
845 637 858 655 ‚
887 610 944 646 vel
969 621 989 647 e
1015 610 1092 648 sola
1115 611 1224 660 huJ’us
1248 621 1335 659 gen-

234 677 282 714 tis
313 676 429 724 fatis,
466 678 568 725 quod
602 678 755 715 maxime
785 689 882 715 nunc
909 686 1144 727 spectamus,
1169 680 1333 718 moribus

232 748 419 794 corruptis
458 748 591 796 negligi
626 750 824 796 spernique
858 751 981 797 leges,
1021 749 1198 798 neglectis
1231 760 1334 797 spre-

233 817 355 863 tisque
378 817 523 863 legibus
546 817 625 854 tolli
646 818 791 855 civibus
817 817 1035 856 libertatem.
1078 819 1160 856 Nec
1185 818 1334 856 meliora

231 885 410 931 docebit,
444 898 549 933 quam
584 898 680 924 nune
718 889 1003 943 contemplatum
1033 900 1185 936 eamus,
1219 888 1334 931 Athe-

233 965 358 992 narum
387 955 607 1002 respublica.

730 1087 766 1131 ἕ.
794 1098 830 1134 3.

416 1211 452 1248 E
480 1212 584 1260 lapsu
613 1213 834 1263 reipublicae
859 1213 1149 1252 Atheniensium.

280 1337 490 1375 Instituerat
523 1339 681 1376 Athenis
703 1340 817 1377 Solon
843 1340 1120 1378 democraticam
1144 1340 1330 1388 regiminis

232 1405 412 1452 formam,
459 1419 536 1445 non
586 1419 716 1446 meram
765 1409 944 1456 quidem,
989 1412 1055 1448 sed
1093 1419 1333 1459 temperanter

231 1475 375 1512 mixtam
408 1478 490 1524 (ε).
567 1476 808 1524 Magistratus
853 1489 972 1515 autem
1017 1491 1094 1517 non
1134 1480 1334 1530 unicuique

231 1545 439 1591 promiscue
473 1556 732 1590 concesserat,
766 1548 830 1584 sed
867 1549 1163 1596 opulentioribus
1190 1559 1329 1588 tantum

229 1614 455 1661 optimisque
497 1615 643 1652 civibus
685 1617 769 1665 (3).
835 1618 1083 1656 Veruntamen
1130 1621 1230 1666 quod
1273 1620 1333 1658 ille

229 1692 301 1720 tam
339 1686 536 1731 prudenter
568 1686 797 1731 sanciverat‚
825 1687 860 1724 id
898 1687 1124 1725 immutatum
1157 1689 1253 1728 haud
1285 1689 1334 1728 ita

230 1753 345 1789 multo
373 1763 459 1801 post
487 1763 541 1791 est
569 1758 681 1802 opera
708 1755 909 1803 Aristidis,
937 1766 976 1794 ut
1002 1758 1131 1795 deinde
1158 1759 1332 1797 omnibus

230 1822 364 1868 pariter
382 1823 533 1861 civibus
555 1835 679 1872 gerere
701 1826 932 1873 magistratus
958 1826 1082 1864 liceret
1095 1828 1178 1876 (4).
1208 1829 1333 1879 Hujus

1270 1910 1334 1935 au-

274 1956 320 1994 (1)
346 1954 418 1983 Liv.
440 1956 534 1985 Hist.
557 1955 632 1986 Lib.
649 1956 818 1986 XXXIX.
840 1968 868 1986 c.
883 1958 933 1997 57·
976 1958 1144 1989 Moenibus
1158 1961 1240 1990 enim
1252 1962 1334 2000 cingi

230 2008 378 2046 Spartam
401 2007 545 2038 noluerat
572 2009 761 2049 Lycurgus,
798 2010 870 2049 quia
898 2011 1030 2049 putabat
1056 2013 1168 2042 urbem
1195 2014 1332 2044 fortibus

230 2062 353 2092 civibus
375 2062 510 2091 cinctam
534 2063 612 2092 bene
638 2074 706 2094 csse
732 2066 883 2093 munitam
899 2085 908 2101 ‚
952 2069 986 2094 ut
1017 2066 1114 2095 tradit
1144 2065 1229 2100 Plut.
1261 2069 1331 2098 Vir.

233 2118 314 2156 Lyc.
336 2126 363 2144 c.
380 2125 427 2154 19.
442 2116 466 2145 f.

273 2170 320 2207 (2)
349 2168 485 2196 Aristot.
501 2169 638 2198 Polific.
660 2169 734 2198 Lib.
753 2170 799 2199 Η.
822 2181 850 2200 c.
867 2182 884 2211 9
925 2173 950 2200 Ε..
967 2182 997 2201 2.

274 2222 321 2261 (5)
347 2221 431 2250 Plut.
464 2222 534 2251 Vll.
553 2223 621 2251 Sol.
644 2233 671 2252 c.
687 2223 736 2252 18.
759 2223 829 2253 init.
874 2223 949 2253 Vid.
975 2225 1129 2264 imprimis
1147 2225 1239 2255 etiam
1260 2226 1335 2257 150-

234 2280 353 2309 crates,
380 2277 474 2302 Orat.
490 2275 654 2314 Areos-ingr.
675 2286 706 2313 p.
724 2277 793 2306 141.
811 2287 859 2315 sq.

277 2327 323 2367 (4)
352 2326 511 2355 Plutarch.
542 2328 733 2358 Vit.Ar2·‹·.1.
759 2339 847 2359 (κε’).
