1492 2896
315 243 387 280 106
714 236 1034 288 msQuisrrro

312 358 407 395 tate,
429 358 522 396 quae
547 346 661 385 libera
683 355 789 394 ante,
812 346 850 385 id
873 356 953 395 est,
978 348 1168 396 popularis
1190 347 1421 400 fuisset(1).

309 416 623 468 Quandoquidem
658 427 779 455 autem
817 417 916 455 haud
947 429 1028 455 raro
1059 417 1197 463 fiebat,
1230 428 1273 458 ut
1296 421 1423 459 crude-

304 487 443 525 lissime
468 487 593 535 Reges
618 487 832 535 saevirent;
872 487 938 535 qui
965 488 1050 526 item
1075 500 1157 527 mos
1192 498 1267 527 erat
1298 499 1424 539 tyran·

302 567 461 604 norum,
496 566 594 595 certe
631 559 884 607 αὐτοκράτορες
922 566 1047 596 essent
1079 567 1191 606 atque
1226 559 1298 598 hoc
1335 559 1421 609 ipso

302 628 514 676 aequalitati
546 637 744 674 nocerent,
782 628 922 675 regium
954 639 1089 666 nomen
1114 627 1274 666 invisum
1303 629 1421 667 reddi-

303 705 382 734 tum
409 697 498 735 fuit.
553 697 749 746 Quidquid
775 706 858 743 est,
896 709 1068 745 perverse
1095 707 1249 747 egerunt
1265 725 1278 744 ‚
1308 709 1420 746 quot·

303 776 398 815 quot
431 768 637 806 libertatem
664 768 809 806 civilem
838 767 875 805 in
902 767 1089 816 regiminis
1117 768 1271 815 quadam
1297 767 1419 806 forma

302 837 580 885 quaesiverunt.
633 838 676 876 In
713 838 814 875 omni
851 838 976 884 enim,
1010 848 1050 875 ut
1081 849 1125 875 ex
1158 837 1415 885 superioribus

299 907 446 956 liquet,
483 908 660 957 regimine
697 909 823 945 adesse
850 908 1001 946 libertas
1031 917 1158 956 potest
1175 936 1188 955 ‚
1217 910 1296 946 sive
1321 908 1418 957 regi-

303 989 361 1015 um
391 978 443 1016 sit
476 978 555 1016 sive
592 977 886 1015 aristocraticum
918 978 998 1015 sive
1028 977 1311 1016 democraticum
1349 988 1416 1015 seu

299 1047 459 1096 denique
482 1060 529 1085 ex
557 1047 734 1085 omnibus
769 1047 870 1085 hisce
893 1056 1139 1096 temperanter
1167 1046 1337 1085 mixtum.

349 1118 451 1156 Haec
487 1129 601 1165 quum
637 1117 687 1155 ita
724 1117 826 1164 sint,
870 1116 1104 1155 manifestum
1142 1125 1198 1157 est
1233 1116 1417 1165 sapienter

298 1189 420 1238 legum
442 1188 635 1227 servitium
665 1189 710 1225 ab
731 1188 894 1235 antiquis
911 1187 1074 1235 politicis
1090 1195 1281 1234 tantopere
1296 1184 1416 1225 fuisse

295 1259 607 1297 commendatum.
667 1257 841 1296 Ciceroni
879 1259 952 1306 Jam
987 1258 1189 1306 praeiverat
1226 1257 1416 1295 Historiae

296 1341 336 1366 ac
366 1329 537 1367 Politicae
565 1339 694 1376 parens
720 1328 965 1373 Herodotus,
994 1326 1173 1374 imprimis
1203 1327 1240 1364 in
1267 1327 1415 1365 laudato

298 1399 433 1438 Xerxis
472 1407 507 1434 et
544 1398 729 1435 Demarati
770 1397 989 1444 colloquio:
1031 1396 1233 1444 praeiverat
1259 1397 1416 1435 maxime

295 1469 400 1506 Plato
434 1479 518 1505 cum
554 1467 640 1505 aiibi
672 1476 748 1504 tum
781 1467 920 1515 passim
949 1467 985 1504 in
1017 1478 1132 1514 opere
1155 1466 1199 1504 de
1227 1467 1414 1517 Legibus,

297 1537 508 1576 felicitatem
552 1537 663 1575 simul
703 1536 843 1574 civitati
884 1537 967 1575 inde
1014 1548 1134 1574 natam
1183 1537 1412 1586 significans.

299 1608 372 1646 Hic
393 1608 487 1644 enim
514 1607 706 1644 Socrates:
741 1607 839 1653 „⁰09
865 1608 910 1646 ,ἂν
935 1613 1006 1650 τοῖς
1029 1610 1155 1646 τεθεῖσι
1171 1609 1282 1656 νόμοις
1296 1612 1413 1648 εὐπει-

297 1679 463 1722 θέστατος
485 1681 519 1717 τ’
540 1678 559 1725 ᾖ
577 1705 589 1723 ‚
618 1679 676 1716 κκὶ
703 1683 781 1726 νικᾷ
807 1678 941 1721 ’ταύτην
964 1679 1027 1722 τὴν
1052 1679 1146 1721 νίκην
1166 1679 1201 1717 ἐν
1222 1685 1267 1728 τῇ
1286 1679 1411 1724 πόλει,

297 1748 407 1795 τούτῳ
435 1749 558 1795 Φαμὲν
586 1749 645 1786 ux)
670 1749 733 1791 ’τὴν
761 1752 828 1786 ’τῶν
854 1749 933 1785 θεῶν
959 1748 1148 1794 ὑπηρεσίαν
1178 1749 1289 1787 δοτέον
1322 1744 1410 1788 εἶναι

298 1820 361 1863 τὴν
383 1818 561 1865 μεγίστην
586 1819 635 1865 τῷ
661 1818 806 1865 πρώτῳ,
837 1817 896 1855 ua}
928 1817 1089 1864 δευτέραν
1115 1819 1161 1864 τῷ
1188 1817 1236 1855 τοὶ
1265 1818 1412 1865 δεύτεροι

299 1890 501 1936 κρκτοῦντι·
540 1888 599 1926 καὶ
633 1889 731 1926 κατὰ
764 1887 870 1933 λόγον
898 1886 985 1926 οὕτω
1015 1893 1086 1930 τοῖς
1113 1887 1245 1934 ἑφεξῆς
1270 1888 1320 1926 τοὶ
1344 1903 1412 1934 με·

298 1960 348 1997 τοὶ
380 1960 481 1997 ταῦθ’
514 1955 653 1996 ἕκαστον.
689 1958 877 1996 ἀποδοτέον
916 1955 1018 1997 εἶναι.
1056 1959 1134 2000 τοὺς
1175 1958 1205 1996 δ’
1225 1957 1405 2006 ἄρχοντας

299 2029 535 2075 λεγομένους,
572 2031 629 2067 νῦν
663 2029 838 2075 ὑπηρέταις
875 2034 947 2071 τοῖς
973 2027 1084 2075 νόμοις
1113 2028 1298 2073 ἐκάλεσσε,
1336 2027 1410 2066 οὔτι

960 2099 969 2111 ,
1024 2099 1033 2112 ,
1089 2099 1098 2110 .
1149 2100 1166 2108 .,

1313 2170 1414 2214 uda·

341 2251 390 2291 (ι)
420 2249 472 2280 Cf.
501 2248 587 2288 Nep.
623 2247 696 2278 Vll.
725 2247 820 2277 Milz.
849 2257 876 2278 c.
899 2248 930 2277 8.
986 2248 1092 2287 Reges
1130 2250 1241 2276 contra
1276 2245 1411 2284 proprie

297 2305 474 2339 vocabant,
498 2303 555 2343 qui
572 2301 762 2332 auctoritate
786 2305 951 2331 uterentur
974 2310 991 2329 a
1011 2300 1187 2340 majoribus
1209 2304 1337 2339 accepta
1359 2299 1413 2329 le-

298 2360 452 2398 gibusque
473 2357 617 2386 definita.
