1492 2896
253 254 310 301 58
367 255 406 299 J.
425 256 471 300 L.
484 254 531 299 C.
547 252 899 298 SCHROEDER
914 266 1015 298 vAn
1029 270 1127 300 nnn
1138 255 1300 302 KOLK

258 414 409 440 merus
443 399 722 453 specierum,
779 399 824 438 in
865 399 1209 454 Entomologia,
1248 396 1356 455 fere

257 476 484 529 infinitus,
516 482 587 526 et,
618 467 718 515 nisi
737 475 783 514 in
817 475 1020 516 ordinem
1053 476 1356 531 redigantur,

258 552 402 593 Chaos
424 567 603 606 semper
633 554 722 592 erit
738 552 1062 606 Entomologia
1074 569 1096 602 ,-
1125 554 1322 594 alteram
1339 581 1353 604 ‚

252 626 482 685 symbolum
524 626 745 671 habentem
763 625 917 670 dictum
942 625 1262 672 Ciceronis:
1294 629 1354 670 In

260 705 341 745 hoc
363 720 518 746 sumas
540 707 767 760 sapientes
782 735 794 756 ‚
816 706 936 761 quod
957 703 1189 746 Naturam
1203 705 1356 760 ,opti-

254 774 372 822 mam
414 784 600 833 ducem,
631 789 864 837 tamquam.
903 781 1054 824 Deam
1099 781 1351 837 sequimur.

309 857 358 900 In
381 856 521 916 priore
550 856 931 909 Commentatione,
960 856 1056 900 licet
1081 869 1232 915 magna
1251 869 1355 900 auc-

252 933 355 977 toris
399 932 606 989 diligentia
645 939 683 975 et
722 931 898 976 eruditio
947 931 1112 976 abunde
1154 937 1354 991 pateant,

252 1008 455 1068 plurimae
488 1016 651 1060 tamen,
694 1007 737 1051 in
786 1007 1045 1053 Cramer-i
1081 1021 1209 1066 opere
1247 1005 1355 1051 deli-

253 1092 397 1129 neatae
415 1117 426 1139 ,
480 1085 732 1129 insectorum
777 1074 1154 1144 Lepidopterorum
1196 1083 1357 1143 species

251 1175 425 1220 prorsus
457 1164 647 1205 omissae
680 1169 802 1216 sunt3
834 1169 918 1205 tum
962 1161 1085 1205 etiam
1119 1161 1258 1205 variae
1283 1160 1356 1203 in-

252 1245 458 1282 sectorum
481 1238 635 1295 figurae
660 1238 704 1281 in
730 1253 803 1281 sua
833 1252 1020 1294 quaeque
1051 1251 1201 1295 genera
1230 1239 1358 1281 haud

251 1325 466 1358 accurate
504 1315 711 1359 redactae.

310 1391 436 1448 Quod
480 1391 645 1448 quidem
687 1390 784 1434 inde
832 1397 965 1436 ortum
1005 1390 1129 1434 fuisse
1168 1390 1356 1443 videtur,

251 1468 390 1526 quod,
438 1467 685 1512 Crameri
726 1468 887 1511 tabulas
921 1481 1014 1511 cum
1042 1467 1145 1526 ipsis
1172 1467 1356 1511 Naturae

249 1545 545 1604 speciminibus
583 1544 882 1602 comparandi,
922 1544 1219 1602 opportunitas
1252 1557 1358 1587 auc-

248 1622 355 1674 tori,
387 1629 431 1665 ut
457 1622 547 1680 ipse
576 1622 755 1673 fatetur,
788 1619 978 1664 defuerit.

307 1698 424 1741 Hanc
445 1704 580 1740 autem
599 1696 952 1754 opportunitatem
966 1697 1212 1755 posterioris
1226 1697 1356 1742 Com-

248 1775 513 1820 mentationis
554 1781 699 1817 auctor
743 1788 827 1817 non
868 1781 1026 1817 tantum
1065 1774 1236 1828 habuit,
1282 1775 1357 1819 sed

251 1863 344 1895 tam
374 1855 559 1908 egregie
593 1865 760 1907 quoque
796 1851 1014 1904 adhibuit,
1045 1859 1090 1894 ut
1116 1861 1160 1894 et
1191 1851 1357 1910 specie-

248 1946 369 1981 rum,
402 1930 512 1988 apud
546 1929 876 1972 Cramerum
920 1927 1160 1981 obviarum,
1203 1928 1356 1972 nullam

254 2007 339 2050 fere
373 2006 622 2063 negligeret,
653 2014 696 2047 et
739 2004 782 2048 in
812 2004 954 2062 figuris
983 2012 1176 2049 accurate
1208 2005 1250 2048 in
1281 2020 1355 2049 sua

249 2098 399 2141 genera
438 2082 672 2140 redigendis
713 2081 947 2139 diligentior
997 2089 1129 2134 esset,
1176 2090 1220 2124 ot
1257 2096 1358 2126 vero

250 2160 395 2211 etiam,
445 2159 757 2218 comparatione
796 2172 888 2202 cum
922 2158 1028 2216 ipsis
1063 2157 1359 2217 speciminibus

246 2237 459 2285 institutit,
516 2239 758 2286 nonnulla,
807 2235 959 2290 quibus
994 2234 1248 2278 Crameri
1289 2242 1357 2281 ta-

248 2315 367 2359 bulate
400 2314 666 2366 laborarent,
696 2312 898 2356 indicaret.
938 2314 1065 2355 νὶιία.
1100 2332 1150 2342 «-
