1492 2896
294 247 675 288 PHILOSOPHICO
694 267 701 271 -
720 245 1019 284 t-lISTOthJA.
1143 258 1209 293 153,

116 360 255 408 ruptela
290 360 404 396 multo
436 359 549 405 magis
576 356 611 393 in
642 356 888 393 Macedonum
914 355 1061 392 venisse
1088 363 1209 401 potes-

116 439 223 468 tatem
240 456 254 475 ,
285 439 391 474 quam
419 437 600 464 armorum
626 426 660 462 vi
689 435 724 463 et
748 424 935 471 copiarum
965 423 1214 462 multitudine.

119 500 264 547 Pugnae
300 506 417 534 antem
458 497 502 533 ad
535 496 785 534 Chaeroneam
818 503 1008 532 consertae
1033 494 1110 531 dies
1136 492 1223 530 uni-‘

119 580 243 608 versae
277 566 453 606 Graeciae
486 576 520 604 et
554 566 704 613 gloriam
732 564 992 602 dominationis
1023 573 1058 601 et
1091 569 1226 600 vetus-'

68 675 71 678 .
117 638 292 677 tissit'nam
318 638 522 676 libertatem
549 636 669 674 finivit
696 636 778 684 (ι).
832 635 968 682 Neque
990 635 1092 682 quod
1115 634 1220 672 Arati

110 720 286 757 ¹tempore
317 708 514 746 excitatum
552 708 769 743 denuovest
807 704 986 741 libertatis
1027 703 1222 750 studium,

119 780 312 818 restituere
344 778 381 815 in
417 778 597 825 integrum
626 776 852 814 Graecorum
880 786 936 812 res
963 775 1052 812 satis
1080 774 1220 822 potuit.

119 848 299 898 Quamvis
323 847 448 894 enim,
480 856 629 883 auctore
662 847 804 891 Arato,
840 845 989 892 plurimi
1017 844 1223 881 ditionibus

116 918 197 959 suis
234 919 502 966 expellerentur
539 916 712 964 tyranni,
751 926 827 952 non
856 926 974 952 tamen
1000 916 1119 951 onmis
1146 921 1227 951 ces*

121 988 214 1028 savit
248 988 376 1024 horum
403 986 602 1024 auctoritas
632 996 754 1032 neque
788 985 919 1022 revixit
949 987 1053 1033 plane
1083 985 1224 1021 interna

119 1057 307 1096 civitatum
342 1057 556 1102 harmonia3
596 1067 672 1103 quo
701 1055 835 1092 factum
866 1055 1047 1102 imprimis
1073 1063 1154 1100 est,
1186 1063 1226 1090 ut

121 1127 299 1167 Romanis
332 1126 472 1164 tandem
501 1125 746 1174 subjiceretur
769 1126 936 1163 Graecia.

618 1269 653 1315 §.
695 1282 734 1314 4.

350 1401 381 1438 E
410 1402 516 1452 lapsu
546 1402 769 1451 reipublicae
796 1401 1000 1440 Romanae.

173 1533 464 1572 observavimus
504 1536 576 1583 jam
615 1536 750 1573 sensim
791 1537 936 1574 demum
982 1538 1233 1585 paulatimque

124 1603 323 1642 invaluisse
348 1604 386 1641 in
409 1604 576 1642 Romana
602 1605 790 1653 republica
807 1593 1087 1654 aequalitatem,
1116 1621 1232 1655 quae,

124 1682 165 1712 ut
189 1675 498 1720 constitueretur,
528 1675 716 1712 continuis
739 1675 979 1714 Patriciorum
1005 1687 1041 1714 et
1062 1678 1230 1726 Plebejo-

121 1753 200 1779 rum
223 1744 523 1781 altercationibus
553 1745 789 1791 potissimum
823 1746 1044 1790 tribuimus,
1077 1759 1116 1784 ut
1143 1761 1228 1785 vero

121 1811 425 1859 confirtnaretur3
451 1814 521 1851 XIl
542 1814 743 1852 tabularum
769 1816 928 1863 legibus.
971 1819 1125 1854 Duravit
1141 1821 1229 1856 satis
1276 1832 1279 1834 ’

124 1881 186 1922 diu
213 1882 299 1919 haec
326 1882 578 1920 Rornanorum
607 1884 784 1931 libertas,
821 1886 886 1923 sed
918 1887 1082 1924 moribus
1107 1889 1226 1928 labem

121 1952 427 1990 contrahentibus
440 1981 452 2000 ,
481 1953 650 1991 imminui
667 1953 860 2003 frangique
877 1957 928 1993 uti
948 1960 1134 2003 nullorum
1151 1971 1227 1997 non

122 2025 348 2072 populorum
372 2032 504 2071 coepta
527 2033 607 2068 est,
634 2026 852 2073 transiitque
874 2028 1016 2065 tandem
1039 2031 1077 2065 in
1096 2040 1228 2068 meram

79 2139 81 2142 Α
120 2093 328 2141 licentiam,
352 2103 394 2131 ut
417 2096 524 2141 plane
547 2095 681 2132 studiis
704 2096 890 2143 perversis
917 2097 1027 2134 dediti
1045 2080 1134 2146 quid
1154 2101 1227 2136 vel-

124 2164 199 2204 lent
224 2172 385 2211 agerent.
440 2164 554 2201 Istum
579 2173 698 2201 autem
721 2177 862 2203 morum
889 2168 1032 2214 lapsum
1061 2181 1103 2206 cx
1128 2181 1228 2218 egre-

126 2233 184 2280 gia
205 2233 370 2272 Sallustii
391 2233 622 2281 aliorumque
647 2236 899 2284 descriptione
920 2238 1162 2277 illustremus.

1132 2321 1187 2347 ria
1210 2325 1234 2342 ¹-

170 2367 215 2405 (ι)
241 2366 296 2397 Sic
315 2367 380 2397 fere
401 2367 482 2397 Just.
504 2369 597 2400 His-t.
620 2367 696 2399 Lib.
721 2370 781 2400 lx.
813 2381 840 2400 c.
866 2369 894 2400 5.
1118 2313 1146 2349 L
1165 2321 1210 2350 lu
