1492 2896
284 275 342 320 26
397 274 437 319 J.
449 273 497 319 L.
511 271 558 318 C.
572 269 929 318 SCHROEDER
943 282 1046 314 vAn
1060 284 1159 315 mm
1170 268 1330 317 KOLK

282 418 345 462 lus
377 419 448 459 aer
477 414 644 460 saluber
681 420 900 472 penetrare
922 419 1122 471 possent,
1151 426 1229 472 per
1260 411 1388 470 quin—

281 493 479 554 quaginta
503 505 636 535 annos
658 490 742 548 jam
760 490 958 534 inclusos.
1002 488 1097 534 Vidi
1125 488 1359 541 Maniacam
1374 521 1386 543 ‚

279 570 396 627 cujus
418 568 602 620 articuli,
638 567 840 611 diuturnis
862 573 988 624 atque
1012 566 1260 611 arctioribus
1291 565 1390 611 vin-

280 647 381 692 cul-is
407 644 894 698 constricti‚immobiles
918 642 1070 687 redditi
1096 651 1242 697 erant,
1263 650 1391 701 atque

274 729 587 769 concreverant.
620 746 670 754 —-
697 721 838 765 Mente
873 727 1047 774 sanata,
1090 720 1166 765 sed
1207 734 1389 780 corpore

274 800 361 845 fere
383 797 609 843 immobilis
632 797 934 855 deplorandam
950 812 1067 841 suam
1090 804 1248 850 sortem
1273 797 1389 842 acri-

274 883 340 920 ter
353 876 536 934 lugebat.
572 874 679 932 Quis
704 874 810 919 haec
838 874 1003 927 videnS,
1035 881 1242 934 temperet
1267 890 1292 919 a
1321 875 1388 919 la-

275 953 449 1013 crymis!

353 1032 508 1076 Verum
570 1031 676 1075 haec
718 1030 942 1074 sufficiant.
1019 1028 1132 1073 Satis
1178 1043 1389 1087 superque

275 1109 383 1154 enim
409 1123 458 1153 ex
482 1108 556 1161 iis,
585 1122 693 1164 quae
716 1106 823 1159 dixi,
845 1111 1052 1164 apparet,
1067 1111 1266 1161 quantum
1294 1105 1393 1161 jus-,

274 1186 389 1230 titiae
420 1193 459 1229 et
494 1184 710 1229 hominum
753 1181 917 1228 caritati
947 1187 1179 1240 repugnent
1219 1187 1306 1224 tum
1333 1179 1394 1230 il,

274 1265 338 1309 lae
371 1263 572 1321 injuriae,
602 1261 754 1319 quihus
786 1260 830 1303 hi
854 1259 992 1303 miseri
1023 1255 1166 1302 affecti
1196 1256 1393 1310 fuerunt,¹

275 1349 399 1398 atque
434 1340 658 1384 etiamnum
695 1338 833 1382 multis
874 1337 918 1380 in
963 1335 1068 1379 locis
1105 1340 1274 1378 nostrae
1299 1334 1392 1383 Pa·-¹

271 1419 375 1462 triae
410 1417 672 1469 afficiuntur,
733 1423 819 1458 tum
862 1414 929 1457 illa
975 1412 1137 1457 incuria
1176 1418 1216 1455 et
1251 1409 1389 1469 negli-

271 1495 409 1555 gentia
438 1494 642 1548 aliorum,
675 1493 746 1550 qui
765 1491 869 1550 ipsis
896 1491 1077 1536 salutare
1103 1488 1259 1533 afferre
1281 1503 1388 1548 pos-

272 1580 367 1618 sunt
399 1571 617 1625 auxilium3
664 1577 863 1627 quantum
892 1568 995 1612 haec
1028 1567 1121 1625 ipsa
1158 1565 1312 1609 caritas
1347 1571 1388 1608 et

271 1649 424 1706 justitia
464 1660 801 1704 unumquemque
837 1645 1120 1695 admoneant,
1150 1643 1280 1687 immo
1313 1657 1387 1687 ve-

272 1741 322 1770 ro
364 1740 505 1770 severe
563 1723 883 1783 praescribant,
943 1728 987 1764 ut
1034 1720 1144 1764 hanc
1191 1719 1384 1764 tristissi-

272 1819 382 1848 mam
427 1809 609 1853 sortem,
654 1800 725 1844 ubi
748 1799 829 1858 ipsi
864 1798 984 1843 detur
1024 1797 1195 1842 facultas
1232 1804 1273 1840 et
1307 1811 1386 1840 oc-

272 1880 413 1933 casio,
444 1885 678 1938 permutet,
721 1877 871 1929 leniat‚
918 1875 1133 1927 emendet,
1165 1882 1291 1931 atque
1325 1874 1383 1917 ita

273 1964 481 2003 avertatur
517 1971 542 2000 a
580 1955 722 2000 Patria
758 1955 850 2013 ipsa
889 1953 1094 2005 dedecus,
1159 1967 1243 2009 quo
1277 1966 1385 1996 con-

273 2034 567 2086 taminabitur,
622 2034 657 2077 si
712 2047 797 2075 non
844 2038 979 2075 cessat
1019 2031 1096 2074 ista
1134 2030 1309 2081 inertia,
1349 2028 1384 2072 si

271 2113 375 2157 istae
416 2111 616 2169 injuriae,
681 2109 902 2169 proposita
943 2107 1217 2167 impunitate,
1275 2121 1383 2150 con-

273 2187 452 2233 tinenter
503 2195 699 2248 pergunt,
736 2202 818 2243 qua
859 2186 951 2243 ipsa
984 2184 1228 2243 impunitate
1258 2190 1383 2240 atque

272 2267 419 2310 inertia
474 2267 555 2321 jam
607 2263 802 2308 effectum
850 2271 935 2314 est,
990 2270 1031 2306 ut
1076 2262 1180 2305 haec
1222 2260 1382 2304 vexatio

271 2352 394 2401 atque
449 2344 631 2386 barbara
674 2341 839 2393 feritas,
890 2354 970 2396 qua
1017 2345 1265 2395 torquentur
1315 2337 1382 2380 iu-
