1492 2896
432 298 822 345 ORATIO.
1131 301 1189 345 19

60 437 217 493 cenda3
253 451 349 481 nam
386 437 477 482 illas
509 444 620 481 artes
653 438 841 482 excolere
873 444 914 481 et
945 439 1181 497 perfectio-

55 537 124 567 res
150 522 328 567 reddere
356 522 604 581 philosophi
641 529 716 567 est.
807 524 944 567 Porro
979 526 1179 568 Critices

53 606 218 664 regulas
245 613 438 660 secutus,
479 607 738 664 singulorum
766 607 1009 651 authentian
1037 609 1175 652 libro-

50 705 144 735 rum
186 691 396 735 examinat
437 706 766 749 germanamque
806 691 1025 739 lectionem
1065 707 1174 737 con-

49 775 206 832 stituit3
238 791 322 833 qua
360 775 612 830 constituta,
643 775 842 834 deinceps
878 778 1172 820 Grammati-

49 876 122 903 σεε
150 867 189 905 et
213 863 599 904 Herrneneutices
625 873 708 918 ope
732 873 987 917 cognoscere
1008 861 1170 914 studet,

47 943 152 1003 quid
180 945 353 988 Moses
384 952 425 987 et
455 945 748 999 Prophetae,
781 941 883 999 quid
915 942 1170 988 Christus

45 1036 86 1073 et
109 1029 328 1085 Apostoli
357 1028 587 1072 docuerint.
650 1028 700 1071 In
726 1027 809 1071 hac
839 1035 977 1072 autem
1002 1029 1167 1086 disqui-

42 1112 193 1157 sitione
237 1127 314 1157 suo
354 1112 540 1156 veritatis
588 1111 729 1155 studio
775 1111 955 1158 ducitur.
1043 1113 1166 1159 Hanc

42 1198 164 1242 unice
195 1205 358 1257 spectat
386 1204 426 1241 et
452 1203 649 1242 sectatur.
710 1196 819 1247 Nam
848 1196 956 1241 liber
982 1204 1070 1252 est,
1101 1199 1165 1242 vel

42 1283 188 1328 saltem
216 1298 262 1327 se
285 1281 465 1327 liberare
494 1281 633 1327 studet
661 1281 856 1326 omnibus
893 1283 1165 1342 praejudica-

39 1375 177 1412 tarum
206 1368 455 1428 opinionum
482 1367 669 1412 vinculis.
757 1367 854 1413 Non
887 1383 932 1413 se
967 1369 1162 1427 cuiquam

41 1451 331 1512 emancipavit.
391 1451 553 1496 Nullius
585 1465 740 1497 nomen
770 1451 864 1496 fert.-
936 1453 986 1496 In
1018 1453 1163 1498 homi-

39 1551 138 1583 num
173 1538 302 1582 verba
339 1551 426 1581 non
465 1537 598 1594 jurat,
630 1551 766 1594 neque
797 1537 868 1581 ulli
902 1545 1043 1582 sectae
1076 1539 1160 1582 ad-

37 1620 172 1666 dictus
192 1627 267 1666 est.
327 1621 621 1666 Paullinum
651 1621 753 1665 illud
773 1622 980 1680 sequitur:
1012 1624 1154 1669 πάντα

35 1704 313 1761 δοκιμάζετε,
335 1705 383 1749 τὸ
408 1705 531 1748 καλὸν
555 1706 784 1763 κατέχετε.
843 1707 934 1751 Nec
957 1709 1155 1766 antiqua,

38 1787 135 1846 quia
152 1787 349 1845 antiqua,
373 1801 451 1832 nec
476 1802 583 1832 nova
599 1821 610 1842 ‚
639 1789 735 1846 quia
748 1804 858 1833 nova
878 1799 998 1845 sunt,
1024 1793 1155 1852 repu-

36 1871 148 1926 diat,
173 1886 429 1929 quamquam
452 1872 564 1917 hanc
587 1871 669 1917 sibi
690 1875 875 1932 regulam
900 1876 1040 1934 ponit,
1071 1893 1152 1921 an·-
1200 1888 1202 1891 ’

35 1956 154 2013 tiqua
173 1955 382 2013 vulgoque
400 1964 570 2015 recepta
585 1970 671 2000 non
691 1957 915 2015 rejicienda
935 1955 1048 2014 esse,
1074 1961 1155 2005 nisi

36 2047 197 2086 constet
235 2039 288 2084 de
322 2040 487 2084 illorum
520 2041 724 2096 falsitate,
754 2044 1011 2103 melioraque
1044 2047 1154 2091 den-

37 2131 118 2170 tur.
195 2125 294 2169 Vult
333 2131 470 2169 autem
507 2126 668 2171 discere
705 2128 761 2171 ab
801 2144 1080 2188 unoquoque,
1111 2139 1151 2176 et

40 2208 306 2265 adjumentis,
351 2225 457 2266 quae
493 2218 618 2262 tanta
662 2212 785 2271 copia
834 2222 979 2259 nostra
1034 2224 1149 2261 aetas

39 2289 187 2345 offert,
230 2292 392 2337 assidue
421 2302 624 2351 gratoque
656 2297 795 2340 animo
827 2299 970 2345 utitur.
1061 2300 1148 2345 Sed

933 2387 995 2426 2*
