1492 2896
240 312 292 351 12
605 309 991 354 ORATIO.

235 459 289 485 ex
311 444 610 498 philosophia
642 447 802 486 conti-a
830 449 1119 500 scripturam
1147 449 1350 504 afferun-

167 522 171 526 ’
233 534 337 579 tur,
367 543 421 568 ea
450 530 523 569 vel
544 530 864 583 philosophica
893 546 980 570 non
1011 539 1140 584 sunt,
1168 535 1249 574 sed
1279 535 1354 574 in-

230 627 339 653 anes
379 615 600 668 argutiae
643 615 834 655 humani
880 615 1079 669 ingenii,
1117 622 1162 656 et
1193 618 1353 658 ulcera

225 711 364 738 verae
414 698 737 753 philosophiae
747 717 768 749 ,-
815 719 867 728 ·—
907 701 981 741 vel
1027 700 1352 755 philosophica

225 783 409 838 quidem
452 790 584 833 sunt,
625 785 706 824 sed
742 798 1003 838 perperam
1044 786 1107 825 ad
1154 785 1352 826 Theolo-

220 867 352 920 giam
382 868 738 908 accommodata.
799 864 916 908 Idem
947 879 1079 923 porro
1111 865 1194 910 alio
1223 866 1348 911 loco:

222 964 336 992 vera
359 950 684 1004 philosophia,
724 951 812 990 etsi
852 958 896 991 et
929 951 1033 1005 ipsa
1074 966 1103 991 a
1134 952 1349 993 doctrina

221 1035 460 1076 Ecclesiae
481 1037 677 1075 multum
694 1034 873 1090 differt,
895 1042 1045 1076 tamen
1067 1050 1148 1076 nec
1161 1016 1347 1091 pugnat

220 1133 323 1159 cum
366 1134 443 1170 ea,
493 1134 573 1159 nec
606 1126 674 1159 est
708 1121 1018 1171 mendacium,
1056 1126 1108 1160 ut
1138 1121 1344 1161 aliarum

219 1209 452 1244 sectarum
471 1203 626 1259 falsae
654 1203 916 1254 doctrinae,
940 1205 1022 1244 sed
1047 1209 1115 1243 est
1143 1204 1343 1256 veritas,

219 1293 264 1327 et
303 1288 491 1342 quidam
539 1288 672 1342 quasi
715 1288 878 1327 radius
921 1287 1176 1340 sapientiae
1216 1287 1314 1328 Dei
1326 1317 1340 1340 ,

218 1371 442 1412 mentibus
453 1371 687 1411 hominum
702 1371 749 1410 in
765 1371 994 1411 creatione
1014 1371 1266 1426 impressus
1277 1369 1338 1427 *).

215 1452 271 1497 Et
301 1468 425 1511 quem
456 1453 596 1512 primo
625 1454 719 1497 loco
743 1453 914 1497 laudare
941 1453 1190 1508 debueram,
1220 1453 1339 1498 Cal-

215 1536 393 1580 vinus:
457 1539 781 1593 philosophia,
833 1537 993 1594 inquit,
1028 1542 1336 1594 praeclarum

215 1630 283 1663 est
317 1622 410 1663 Dei
452 1625 645 1671 donum,
685 1630 757 1674 et,
800 1625 880 1678 qui
920 1623 1125 1664 omnibus
1167 1625 1334 1665 seculis

212 1708 465 1748 extiterunt
497 1709 620 1748 docti
652 1709 768 1758 viri,
800 1723 873 1748 eos
913 1708 1044 1748 Deus
1075 1709 1173 1762 ipse
1206 1710 1333 1749 exci-

214 1793 355 1843 tavit,
390 1799 441 1832 ut
470 1794 533 1833 acl
561 1793 663 1834 veri
695 1794 908 1833 notitiam
937 1794 1102 1833 mundo
1130 1794 1331 1847 praelu-

213 1883 366 1917 cerent
391 1869 452 1931 †).
501 1874 646 1932 Quid?
677 1875 790 1932 qaod,
820 1874 1118 1933 philosopham
1144 1874 1329 1920 indolem

211 1974 387 2016 magnus
408 1959 475 2003 ille
501 1959 565 2003 vir
585 1957 741 2016 ubique
765 1958 922 2017 prodit.
954 1961 1323 2012 Institutionem,

209 2057 393 2102 perenne
418 2043 519 2087 illud
548 2058 654 2102 opus
672 2076 682 2095 ‚
716 2044 855 2101 legas,
886 2043 930 2087 in
959 2059 1042 2101 qua
1077 2044 1171 2103 plus
1198 2044 1326 2088 semel

210 2136 376 2181 monet,
407 2127 543 2172 Deum
570 2128 693 2172 nobis
715 2128 963 2186 patefecisse
986 2143 1071 2172 non
1087 2161 1098 2181 ‚
1122 2131 1225 2186 quis
1248 2128 1324 2182 sit,

208 2209 281 2256 sed
308 2215 459 2270 qualis
485 2216 547 2254 sit
574 2230 689 2269 erga
720 2230 823 2266 nos,
853 2213 1035 2270 illudque
1060 2213 1323 2271 praeclarum

254 2347 289 2386 *)
316 2345 413 2385 Oper.
438 2350 460 2375 t.
487 2345 512 2375 I.
536 2357 565 2384 p.
589 2347 640 2376 48.
782 2381 784 2383 ¹

247 2402 285 2441 †)
312 2401 384 2431 Vid.
409 2403 472 2440 ejus
494 2403 555 2439 Ep.
581 2401 617 2428 ad
639 2402 747 2430 Bucar,
775 2400 836 2440 Op.
864 2406 883 2430 t.
910 2401 969 2430 lx.
995 2401 1076 2440 ΕΜ».
1101 2411 1130 2439 1».
1156 2402 1205 2430 50.
