1492 2896
631 238 687 283 63

116 382 387 428 quaecunque
410 370 586 432 propria
609 373 838 431 majoribus
864 375 1017 423 nostris
1042 377 1219 425 suerunt.

105 448 321 493 Referunt
357 448 464 493 haec
499 449 593 510 ipsa
627 451 830 512 honorem
869 468 1096 511 summum,
1135 459 1222 516 quo

108 523 168 569 iffi
220 532 332 574 artes
383 525 575 573 liberales
625 536 666 574 et
715 529 928 576 doctrinas
972 531 1220 580 habuerunt.

110 602 531 664 Quodvexemplum,
587 605 643 650 ab
687 606 794 665 ipsis
835 608 957 653 nohis
1006 609 1222 665 relictum,

111 679 333 726 noeoeane
378 682 501 740 sequi
540 681 673 729 decet.
763 683 818 728 Et
857 698 958 730 vero
993 685 1225 744 majoribus

109 755 478 817 tribuere·‚·..·q'uam
508 756 658 805 merito
691 768 898 820 poscunt,
927 764 1198 809 reverentiam
1211 795 1225 818 ,

110 836 195 886 huc
220 836 390 882 demum
414 838 627 882 decorum
661 835 748 893 est,
777 839 862 885 hoc
889 839 1072 886 liberale.

165 907 243 960 sic
269 915 407 974 igitur·
425 914 597 960 maximi
618 916 824 970 facimus,
866 917 985 974 quod·
1007 918 1115 963 festo
1142 917 1227 962 hoc

109 985 238 1050 a'tq‘ue
267 993 430 1037 solenni
458 993 548 1047 dfe,
577 994 741 1051 qualem
774 1007 902 1038 unum
934 995 1095 1053 singula
1128 1004 1227 1041 sae-

108 1062 202 1115 cula
237 1065 425 1123 ferunt,
446 1070 501 1115 ad
541 1079 729 1115 summos
770 1070 941 1115 adducti
983 1071 1226 1119 doctoratus

111 1140 301 1192 honores
320 1144 493 1191 sumus.
550 1144 861 1206 ‘Quamobrem
897 1147 942 1191 in
979 1148 1064 1193 hoc
1097 1163 1226 1208 prae-

113 1218 370 1270 st'antissimo
404 1221 646 1269 auditorum·
684 1231 916 1279 conventu,
982 1226 1055 1283 qui
1088 1225 1199 1271 viros
1214 1257 1228 1280 ,

113 1301 363 1346 auctoritate·
390 1293 457 1346 vel
487 1301 719 1347 eruditione
747 1300 971 1361 plurimum
1007 1303 1053 1347 in
1090 1303 1228 1363 patria

110 1369 293 1424 valentes·
302 1387 316 1432 ‘‚
362 1378 435 1436 q⁴ui
457 1408 462 1413 -
474 1378 726 1424 Academiae
764 1379 918 1425 Rheno
926 1407 953 1415 -
964 1379 1228 1438 Trajectinae

112 1457 324 1510 alumnos,
350 1455 538 1501 inaudita
572 1456 831 1510 celebritate,
864 1457 935 1514 qui
961 1457 1228 1503 lectissimam

112 1547 234 1578 sexus
257 1532 448 1577 amabilis
475 1546 678 1578 coronam
701 1533 892 1587 exhibet,
923 1534 1128 1579 maximas
1160 1534 1226 1580 his

109 1609 327 1664 omnibus,
357 1608 685 1654 commilitonum
710 1624 896 1654 meorum
923 1610 1114 1666 nomine,
1139 1625 1224 1657 non

110 1701 283 1747 possum
305 1701 392 1731 non
418 1686 574 1746 gratias
598 1701 721 1745 agere
735 1718 748 1740 ,
781 1687 852 1744 qui
879 1687 987 1732 festo
1015 1688 1222 1747 egregium

111 1764 347 1824 praesentia
376 1778 452 1809 sua
482 1763 609 1809 decus
638 1763 795 1808 addere
824 1764 1040 1809 voluerint.

168 1840 255 1886 Sed
290 1840 399 1885 inter
429 1841 516 1886 Vos
554 1839 834 1900 amplissimos
866 1841 1083 1900 conspicio
1114 1842 1228 1887 Aca-

112 1917 273 1964 demiae
290 1917 538 1970 Curatores,
570 1931 748 1974 quorum
775 1917 1016 1962 liberalitati*
1037 1920 1223 1976 signum,

111 1996 226 2055 quod
263 1994 413 2054 digitos
452 2001 651 2047 exornat,
695 1993 906 2040 debemus.
998 1994 1224 2054 Conspicio

112 2081 154 2118 et
179 2073 297 2119 urbis
324 2071 545 2117 Consulem
574 2084 624 2115 ac
649 2069 877 2128 Senatum,
908 2071 979 2129 qui
1003 2079 1230 2132 paternum
1301 2086 1303 2089 ·

112 2151 157 2196 in
183 2149 451 2195 Academiam
483 2162 667 2193 amorem
698 2147 779 2192 hac
816 2148 965 2193 iterum
1002 2150 1223 2195 occasione

117 2208 412 2277 declararunt:
438 2226 575 2271 aureis
613 2225 791 2270 nummis
834 2239 911 2270 nos
961 2226 1222 2275 decorantes,

120 2300 342 2363 Conspicio
376 2301 699 2360 elegantissimas
724 2302 908 2362 puellas,
940 2318 1045 2362 quae
1073 2305 1223 2353 laureis
