1492 2896
300 269 353 315 16
395 270 434 315 J,
454 269 499 314 L.
517 270 567 314 C.
580 267 934 312 SCHROEDER
951 281 1054 310 vAN
1069 282 1165 311 DER
1184 266 1345 312 KOLK

297 427 367 456 cer
420 418 601 454 mutatus
653 410 730 454 suit
774 411 817 453 in
857 410 1059 467 ejusmodi
1104 410 1402 454 Nosocomium

295 490 500 542 salutare,
564 486 825 531 Aedificium,
857 487 1032 542 amplius
1075 486 1282 530 redditum
1317 493 1406 539 est,

294 566 425 610 additi
451 573 546 611 sunt
570 565 709 617 horti,
742 573 865 621 atque
882 597 893 616 ,
927 563 1041 619 quod
1071 563 1195 606 efficit
1222 563 1405 606 humana

291 644 441 702 agendi
481 643 614 697 ratio,
660 644 776 687 furor
808 642 1097 686 Maniacorum
1125 655 1224 685 raro
1261 654 1405 685 erum-

289 722 380 781 pit,
417 728 544 778 atque
568 720 626 764 ita
656 720 825 764 sedatus
864 726 952 771 est,
1000 725 1045 762 ut
1077 718 1169 777 ipse
1200 717 1403 776 Princeps

291 799 614 844 Arausiacus
649 795 991 849 Fredericus‚
1023 795 1118 852 qui,
1150 808 1245 838 cum
1266 793 1404 838 Festis

291 864 546 921 secularibus
577 882 746 918 nostrae
775 872 1027 917 Academiae
1059 872 1315 926 interesset,
1337 878 1406 916 at-

291 968 371 1010 que
401 952 525 997 etiam
553 952 635 994 hoc
670 949 968 994 Nosocomium
1001 949 1234 1003 visitasset,
1263 949 1402 1009 inpri-

288 1031 366 1074 mis
394 1030 506 1073 hunc
546 1028 742 1073 omnium·
767 1020 957 1072 sedatum
997 1027 1178 1071 animum
1214 1033 1255 1071 et
1281 1033 1403 1070 tran-

292 1107 536 1164 quillitatem
575 1106 802 1150 admiratus
836 1105 959 1148 suerit
992 1104 1112 1163 (14).

346 1184 461 1241 Ergo
487 1190 548 1227 est
569 1185 783 1241 profecto,
817 1183 932 1239 quod
960 1182 1242 1240 gaudeamus,
1275 1188 1401 1239 atque

288 1262 403 1318 quod
449 1261 654 1319 gaudeant
686 1255 883 1313 omnes,
946 1259 1019 1316 qui
1068 1273 1117 1303 ex
1166 1258 1401 1317 praeceptis

287 1347 474 1390 sanctae,
500 1347 669 1383 nostrae
709 1337 918 1395 religionis
968 1336 1142 1380 caritate
1184 1333 1399 1379 hominum

285 1424 491 1460 tenentur.
553 1415 638 1459 Sed
681 1414 814 1471 majus
848 1413 950 1471 quid
1001 1419 1078 1465 est,
1130 1412 1244 1469 quod
1293 1427 1402 1470 gau-

288 1494 485 1549 deamus3
547 1508 644 1536 nam
690 1492 868 1536 Divinae
916 1484 1209 1535 Providentiae
1249 1489 1401 1534 auxilio

287 1572 439 1615 factum
473 1579 558 1623 est,
589 1578 634 1614 ut
666 1585 687 1613 e
720 1568 975 1613 Nosocomio
999 1575 1146 1611 nostro
1173 1568 1239 1612 his
1264 1568 1401 1614 tribus

290 1648 513 1706 postremis
547 1649 667 1690 annis
695 1646 906 1704 sexaginta
936 1639 1299 1698 exierint'sanati,
1332 1644 1401 1688 di-

287 1726 391 1769 vinis
420 1725 592 1768 rationis
626 1724 794 1767 dotibus
821 1723 971 1767 iterum
1013 1722 1264 1780 gaudentes,
1294 1722 1400 1768 civi-

286 1802 386 1853 tati,
420 1802 528 1854 suis‚
557 1801 717 1858 sibique
760 1801 930 1845 redditi.

324 1870 422 1923 vEst
460 1870 655 1932 omnino,
720 1879 834 1935 quod
883 1878 1166 1937 gaudeamus3
1229 1878 1283 1922 ad
1321 1892 1397 1924 vos

286 1948 396 2000 enim
428 1971 566 2000 sermo
597 1971 714 2000 meus
753 1970 978 1999 conversus
1014 1963 1104 2008 est,
1144 1954 1220 2000 viri
1255 1955 1398 2000 hono-

286 2033 505 2085 ratissimi,
556 2023 821 2086 amicissimi,
868 2033 937 2089 qui
974 2029 1135 2076 mecum
1175 2031 1272 2076 huic
1303 2033 1399 2076 No-

287 2111 474 2154 socomio
514 2110 738 2168 praeestis,
800 2111 901 2153 socii
940 2110 1133 2153 laborum
1179 2124 1396 2163 meorum,

289 2188 391 2231 socii
428 2188 565 2246 gaudii
602 2188 694 2232 mei.
726 2210 781 2219 —
815 2188 975 2230 Nullam
1004 2187 1124 2230 aliam
1160 2187 1395 2231 mercedem

287 2266 478 2308 laborum
533 2267 771 2309 nostrorum
822 2263 1096 2320 quaesivimus
1116 2295 1126 2315 ,
1187 2263 1265 2307 nisi
1314 2263 1397 2307 hoc

291 2332 510 2400 gaudium,
544 2343 624 2385 hoc
656 2342 850 2386 Divinum
886 2341 1074 2384 :mxliium
1094 2373 1104 2392 ,
1138 2348 1260 2397 atque
1290 2355 1398 2385 con-
