1492 2896
261 249 315 306 522
356 261 396 306 J.
415 262 460 305 L.
476 259 891 306 oscussoEnEu
907 275 1009 305 van
1024 275 1117 305 mm
1138 260 1297 307 KoLK

262 402 388 446 (labili
419 402 584 459 quidem
618 402 819 445 industria
852 404 1030 459 quadam
1062 410 1206 446 auctor
1234 401 1358 460 prio-1

260 479 317 521 ris
350 477 586 537 scriptionis
619 478 660 521 in
693 477 876 525 omnium
915 477 1126 536 regionum
1166 477 1358 536 Belgica-

256 571 346 599 rum
395 555 602 599 Carolo
652 556 697 598 V.
744 555 1018 612 subjectarum
1061 557 1356 597 conditionem

257 632 465 690 politicam
491 631 713 688 inquisivit.
774 631 924 675 Verum
961 645 1045 674 non
1073 631 1199 682 satis,
1241 629 1356 687 quod

256 709 394 765 utique
419 708 628 767 oportuit,
659 708 781 752 etiam
802 707 845 752 in
861 710 1243 760 constitutionem,
1274 722 1357 764 pa·-

256 800 346 828 rum
373 792 599 842 reputans,
629 784 742 828 Juris
774 783 932 829 Publici
968 784 1249 842 quaestionem
1275 783 1356 827 sibi

256 875 344 904 csse
374 860 659 919 propositam,
690 861 1074 905 Jureconsultorum
1102 875 1216 905 more
1240 868 1357 905 trac-

253 937 436 981 tandum.
500 938 716 981 Praeterea
752 949 828 981 nec
854 937 986 981 fontes
1012 937 1194 997 optimos
1222 951 1357 995 quos..

253 1029 334 1071 que
371 1013 495 1066 adiit,
537 1027 616 1057 nec
662 1028 756 1057 usus
802 1020 863 1057 est
915 1011 1083 1072 optimis
1123 1013 1355 1070 quibusque

252 1089 444 1138 subsidiis
467 1089 674 1137 litorariis.
708 1089 914 1134 Historiae
945 1089 1049 1135 enim
1082 1090 1216 1135 fontes
1245 1104 1356 1147 pau-

251 1182 323 1212 cos
354 1166 573 1217 delibavit,
603 1164 703 1223 juris
727 1165 969 1225 pauciores3
1001 1181 1024 1210 a
1054 1165 1353 1211 recentioribus

250 1244 426 1289 maxime
468 1242 744 1301 scriptoribus
783 1242 1033 1300 proficiens,
1079 1242 1352 1289 Jureconsul„

252 1328 387 1365 torum
429 1318 584 1377 scripta
630 1318 832 1375 neglexit,
873 1318 1177 1362 Historicorum
1217 1326 1352 1364 autem

253 1397 364 1439 nullo
397 1410 488 1443 cum
521 1394 677 1437 delectu
710 1393 912 1438 adhibuit.
974 1393 1109 1438 Unius
1146 1393 1250 1438 adeo
1284 1394 1354 1438 in-

255 1482 314 1518 ter
341 1480 498 1517 ceteras
528 1470 715 1528 regiones
739 1470 869 1527 legem
903 1468 1108 1528 publicam
1127 1502 1138 1522 ‚
1170 1485 1252 1527 qua
1280 1485 1352 1515 ve..

251 1551 308 1592 lut
338 1549 606 1592 fundamento
649 1546 805 1594 Publici
832 1546 946 1589 Juris
988 1547 1226 1591 constitutio
1256 1547 1353 1591 Ca„

253 1627 378 1670 rolo
406 1625 639 1683 imperante
676 1630 758 1669 tota
797 1622 1021 1670 consistere
1061 1621 1245 1674 videtur,
1291 1623 1353 1667 si«

251 1703 377 1747 lentio
408 1699 693 1761 praetermisit.
770 1699 833 1742 Eo
874 1698 1036 1741 nomine
1072 1713 1171 1742 sane
1205 1698 1353 1744 lauda-2

253 1779 374 1823 bilior
404 1778 477 1823 fuit
501 1783 644 1820 auctor
676 1775 917 1832 posterioris
952 1774 1212 1834 speciminis,
1257 1790 1352 1819 ma-

254 1858 396 1914 gisque
420 1855 505 1911 ejus
531 1852 702 1911 scriptio
740 1859 819 1901 lam
854 1851 892 1897 in
927 1851 1197 1909 disponendis
1226 1867 1349 1909 quam

249 1936 293 1976 in
335 1930 560 1977 tractandis
604 1929 726 1975 rebus
772 1927 885 1971 ,luris
937 1927 1166 1974 studiosum
1210 1929 1349 1978 refert.

255 2010 444 2054 Ceterum
487 2008 579 2059 hic,
641 2012 806 2064 praeter
842 2004 959 2063 plura
1001 2003 1108 2048 iltius
1149 2012 1350 2062 peccata,

253 2086 435 2146 propriis
469 2082 713 2141 quibusdam
741 2081 818 2125 sibi
851 2078 1024 2128 offensis
1051 2080 1244 2127 notabilis
1273 2078 1348 2126 est.-

255 2164 330 2206 ‘Vix
368 2161 473 2205 enim
499 2160 617 2203 unius
642 2158 858 2205 alteriusve
888 2156 1065 2213 regionis
1094 2171 1180 2202 rem
1210 2157 1353 2214 publi..

253 2254 371 2290 cam,
404 2236 598 2281 Caroli
623 2242 778 2288 aetate,
813 2233 900 2289 jure
932 2234 1194 2276 constitutam
1225 2248 1352 2278 occu.-

256 2316 385 2360 ratius
425 2312 693 2366 examinavit3
724 2317 762 2355 et
793 2325 914 2366 quem
953 2309 1100 2357 haruin
1137 2310 1349 2373 regionum
