<?xml version="1.0" encoding="UTF-8"?>
<!DOCTYPE html PUBLIC "-//W3C//DTD XHTML 1.0 Transitional//EN"
    "http://www.w3.org/TR/xhtml1/DTD/xhtml1-transitional.dtd">
<html xmlns="http://www.w3.org/1999/xhtml" xml:lang="en" lang="en">
 <head>
  <title>
</title>
<meta http-equiv="Content-Type" content="text/html;charset=utf-8" />
  <meta name='ocr-system' content='tesseract 3.04.00' />
  <meta name='ocr-capabilities' content='ocr_page ocr_carea ocr_par ocr_line ocrx_word'/>
</head>
<body>
  <div class='ocr_page' id='page_1' title='image "annalesacademiae36acad_0182.png"; bbox 0 0 1492 2896; ppageno 0'>
   <div class='ocr_carea' id='block_1_1' title="bbox 766 243 820 288">
    <p class='ocr_par' dir='ltr' id='par_1_1' title="bbox 766 243 820 288">
     <span class='ocr_line' id='line_1_1' title="bbox 766 243 820 288; baseline -0.019 0"><span class='ocrx_word' id='word_1_1' title='bbox 766 243 820 288; x_wconf 80' lang='lat'>52</span> 
     </span>
    </p>
   </div>
   <div class='ocr_carea' id='block_1_2' title="bbox 255 375 1374 2043">
    <p class='ocr_par' dir='ltr' id='par_1_2' title="bbox 255 375 1364 1200">
     <span class='ocr_line' id='line_1_2' title="bbox 311 375 1353 439; baseline -0.005 -14"><span class='ocrx_word' id='word_1_2' title='bbox 311 380 479 439; x_wconf 85' lang='lat' dir='ltr'>Quippe</span> <span class='ocrx_word' id='word_1_3' title='bbox 501 376 569 434; x_wconf 90' lang='lat' dir='ltr'>qui</span> <span class='ocrx_word' id='word_1_4' title='bbox 594 376 970 436; x_wconf 87' lang='lat' dir='ltr'>praestantissimus</span> <span class='ocrx_word' id='word_1_5' title='bbox 992 375 1250 421; x_wconf 79' lang='lat' dir='ltr'>Candidatus</span> <span class='ocrx_word' id='word_1_6' title='bbox 1281 390 1353 420; x_wconf 91' lang='lat' dir='ltr'>re-</span> 
     </span>
     <span class='ocr_line' id='line_1_3' title="bbox 255 453 1354 515; baseline -0.002 -16"><span class='ocrx_word' id='word_1_7' title='bbox 255 457 322 514; x_wconf 84' lang='lat' dir='ltr'>gia</span> <span class='ocrx_word' id='word_1_8' title='bbox 346 454 549 515; x_wconf 84' lang='lat' dir='ltr'>processit</span> <span class='ocrx_word' id='word_1_9' title='bbox 577 455 666 507; x_wconf 86' lang='lat' dir='ltr'>via,</span> <span class='ocrx_word' id='word_1_10' title='bbox 704 454 868 498; x_wconf 85' lang='lat' dir='ltr'>nonnisi</span> <span class='ocrx_word' id='word_1_11' title='bbox 895 461 1117 513; x_wconf 87' lang='lat' dir='ltr'>postquam</span> <span class='ocrx_word' id='word_1_12' title='bbox 1145 453 1354 498; x_wconf 85' lang='lat' dir='ltr'>indefessa</span> 
     </span>
     <span class='ocr_line' id='line_1_4' title="bbox 257 528 1358 590; baseline -0.004 -15"><span class='ocrx_word' id='word_1_13' title='bbox 257 531 464 590; x_wconf 84' lang='lat' dir='ltr'>diligentia</span> <span class='ocrx_word' id='word_1_14' title='bbox 497 532 540 574; x_wconf 90' lang='lat' dir='ltr'>in</span> <span class='ocrx_word' id='word_1_15' title='bbox 580 530 789 574; x_wconf 85' lang='lat' dir='ltr'>literarum</span> <span class='ocrx_word' id='word_1_16' title='bbox 834 531 969 574; x_wconf 89' lang='lat' dir='ltr'>studia</span> <span class='ocrx_word' id='word_1_17' title='bbox 1006 530 1272 582; x_wconf 75' lang='lat' dir='ltr'>incubuerat,</span> <span class='ocrx_word' id='word_1_18' title='bbox 1303 528 1358 572; x_wconf 89' lang='lat' dir='ltr'>ad</span> 
     </span>
     <span class='ocr_line' id='line_1_5' title="bbox 257 605 1358 667; baseline -0.004 -14"><span class='ocrx_word' id='word_1_19' title='bbox 257 607 634 667; x_wconf 79' lang='lat' dir='ltr'>Jurisprudentiam</span> <span class='ocrx_word' id='word_1_20' title='bbox 672 607 870 661; x_wconf 82' lang='lat' dir='ltr'>accessit3</span> <span class='ocrx_word' id='word_1_21' title='bbox 930 605 1095 663; x_wconf 89' lang='lat' dir='ltr'>cujusce</span> <span class='ocrx_word' id='word_1_22' title='bbox 1137 606 1275 650; x_wconf 88' lang='lat' dir='ltr'>studio</span> <span class='ocrx_word' id='word_1_23' title='bbox 1313 619 1358 649; x_wconf 88' lang='lat' dir='ltr'>se</span> 
     </span>
     <span class='ocr_line' id='line_1_6' title="bbox 258 676 1362 740; baseline -0.003 -11"><span class='ocrx_word' id='word_1_24' title='bbox 258 692 356 729; x_wconf 88' lang='lat' dir='ltr'>tunc</span> <span class='ocrx_word' id='word_1_25' title='bbox 380 691 510 729; x_wconf 88' lang='lat' dir='ltr'>totum</span> <span class='ocrx_word' id='word_1_26' title='bbox 540 683 734 737; x_wconf 84' lang='lat' dir='ltr'>tradidit,</span> <span class='ocrx_word' id='word_1_27' title='bbox 765 683 891 740; x_wconf 88' lang='lat' dir='ltr'>idque</span> <span class='ocrx_word' id='word_1_28' title='bbox 922 683 1029 727; x_wconf 86' lang='lat' dir='ltr'>felici</span> <span class='ocrx_word' id='word_1_29' title='bbox 1056 683 1162 727; x_wconf 88' lang='lat' dir='ltr'>adeo</span> <span class='ocrx_word' id='word_1_30' title='bbox 1191 676 1362 726; x_wconf 85' lang='lat' dir='ltr'>succes-</span> 
     </span>
     <span class='ocr_line' id='line_1_7' title="bbox 260 759 1363 818; baseline -0.002 -13"><span class='ocrx_word' id='word_1_31' title='bbox 260 776 330 814; x_wconf 90' lang='lat' dir='ltr'>su,</span> <span class='ocrx_word' id='word_1_32' title='bbox 359 768 404 804; x_wconf 86' lang='lat' dir='ltr'>ut</span> <span class='ocrx_word' id='word_1_33' title='bbox 435 760 548 804; x_wconf 87' lang='lat' dir='ltr'>hisce</span> <span class='ocrx_word' id='word_1_34' title='bbox 580 760 812 804; x_wconf 88' lang='lat' dir='ltr'>honoribus</span> <span class='ocrx_word' id='word_1_35' title='bbox 852 760 999 818; x_wconf 84' lang='lat' dir='ltr'>dignus</span> <span class='ocrx_word' id='word_1_36' title='bbox 1032 773 1122 804; x_wconf 89' lang='lat' dir='ltr'>esse</span> <span class='ocrx_word' id='word_1_37' title='bbox 1155 759 1363 803; x_wconf 91' lang='lat' dir='ltr'>communi</span> 
     </span>
     <span class='ocr_line' id='line_1_8' title="bbox 261 834 1362 895; baseline 0.001 -15"><span class='ocrx_word' id='word_1_38' title='bbox 261 834 462 894; x_wconf 83' lang='lat' dir='ltr'>suffragio</span> <span class='ocrx_word' id='word_1_39' title='bbox 492 836 755 893; x_wconf 84' lang='lat' dir='ltr'>judicaretur.</span> <span class='ocrx_word' id='word_1_40' title='bbox 831 836 917 880; x_wconf 86' lang='lat' dir='ltr'>Sed</span> <span class='ocrx_word' id='word_1_41' title='bbox 949 836 1048 893; x_wconf 93' lang='lat' dir='ltr'>quid</span> <span class='ocrx_word' id='word_1_42' title='bbox 1082 836 1218 881; x_wconf 88' lang='lat' dir='ltr'>verbis</span> <span class='ocrx_word' id='word_1_43' title='bbox 1255 850 1362 895; x_wconf 91' lang='lat' dir='ltr'>opus</span> 
     </span>
     <span class='ocr_line' id='line_1_9' title="bbox 255 912 1362 971; baseline 0 -15"><span class='ocrx_word' id='word_1_44' title='bbox 255 913 355 957; x_wconf 78' lang='lat' dir='ltr'>est?</span> <span class='ocrx_word' id='word_1_45' title='bbox 441 913 739 956; x_wconf 83' lang='lat' dir='ltr'>Gravissimum</span> <span class='ocrx_word' id='word_1_46' title='bbox 773 920 1082 971; x_wconf 81' lang='lat' dir='ltr'>argumentum,</span> <span class='ocrx_word' id='word_1_47' title='bbox 1110 928 1160 957; x_wconf 84' lang='lat' dir='ltr'>ex</span> <span class='ocrx_word' id='word_1_48' title='bbox 1189 912 1362 957; x_wconf 85' lang='lat' dir='ltr'>historia</span> 
     </span>
     <span class='ocr_line' id='line_1_10' title="bbox 260 988 1363 1048; baseline 0.002 -16"><span class='ocrx_word' id='word_1_49' title='bbox 260 989 362 1046; x_wconf 87' lang='lat' dir='ltr'>juris</span> <span class='ocrx_word' id='word_1_50' title='bbox 399 988 556 1048; x_wconf 85' lang='lat' dir='ltr'>publici</span> <span class='ocrx_word' id='word_1_51' title='bbox 597 989 722 1047; x_wconf 89' lang='lat' dir='ltr'>patrii</span> <span class='ocrx_word' id='word_1_52' title='bbox 764 990 1017 1041; x_wconf 86' lang='lat' dir='ltr'>desumtum,</span> <span class='ocrx_word' id='word_1_53' title='bbox 1059 990 1117 1033; x_wconf 89' lang='lat' dir='ltr'>ita</span> <span class='ocrx_word' id='word_1_54' title='bbox 1146 990 1363 1042; x_wconf 89' lang='lat' dir='ltr'>tractavit,</span> 
     </span>
     <span class='ocr_line' id='line_1_11' title="bbox 261 1065 1364 1124; baseline 0.002 -16"><span class='ocrx_word' id='word_1_55' title='bbox 261 1072 306 1108; x_wconf 90' lang='lat' dir='ltr'>ut</span> <span class='ocrx_word' id='word_1_56' title='bbox 332 1065 537 1124; x_wconf 84' lang='lat' dir='ltr'>egregium</span> <span class='ocrx_word' id='word_1_57' title='bbox 563 1065 792 1123; x_wconf 83' lang='lat' dir='ltr'>diligentiae</span> <span class='ocrx_word' id='word_1_58' title='bbox 818 1066 974 1124; x_wconf 76' lang='lat' dir='ltr'>pariter</span> <span class='ocrx_word' id='word_1_59' title='bbox 997 1073 1122 1123; x_wconf 88' lang='lat' dir='ltr'>atque</span> <span class='ocrx_word' id='word_1_60' title='bbox 1151 1066 1364 1110; x_wconf 89' lang='lat' dir='ltr'>doctrinae</span> 
     </span>
     <span class='ocr_line' id='line_1_12' title="bbox 263 1140 948 1200; baseline 0.004 -16"><span class='ocrx_word' id='word_1_61' title='bbox 263 1156 361 1185; x_wconf 90' lang='lat' dir='ltr'>suae</span> <span class='ocrx_word' id='word_1_62' title='bbox 391 1140 611 1200; x_wconf 87' lang='lat' dir='ltr'>Specimen</span> <span class='ocrx_word' id='word_1_63' title='bbox 638 1141 728 1200; x_wconf 86' lang='lat' dir='ltr'>ipse</span> <span class='ocrx_word' id='word_1_64' title='bbox 761 1142 948 1187; x_wconf 88' lang='lat' dir='ltr'>ediderit.</span> 
     </span>
    </p>

    <p class='ocr_par' dir='ltr' id='par_1_3' title="bbox 264 1215 1364 1428">
     <span class='ocr_line' id='line_1_13' title="bbox 319 1215 1363 1282; baseline 0.002 -21"><span class='ocrx_word' id='word_1_65' title='bbox 319 1217 404 1262; x_wconf 87' lang='lat' dir='ltr'>Sed</span> <span class='ocrx_word' id='word_1_66' title='bbox 437 1215 551 1275; x_wconf 83' lang='lat' dir='ltr'>jubet</span> <span class='ocrx_word' id='word_1_67' title='bbox 597 1218 702 1262; x_wconf 87' lang='lat' dir='ltr'>hora</span> <span class='ocrx_word' id='word_1_68' title='bbox 744 1227 789 1262; x_wconf 89' lang='lat' dir='ltr'>ut</span> <span class='ocrx_word' id='word_1_69' title='bbox 832 1219 1206 1282; x_wconf 42' lang='lat' dir='ltr'>ad-peragendum</span> <span class='ocrx_word' id='word_1_70' title='bbox 1242 1220 1363 1274; x_wconf 90' lang='lat' dir='ltr'>illud,</span> 
     </span>
     <span class='ocr_line' id='line_1_14' title="bbox 265 1294 1364 1354; baseline 0.005 -18"><span class='ocrx_word' id='word_1_71' title='bbox 265 1294 379 1350; x_wconf 92' lang='lat' dir='ltr'>quod</span> <span class='ocrx_word' id='word_1_72' title='bbox 406 1295 530 1337; x_wconf 83' lang='lat' dir='ltr'>mihi·</span> <span class='ocrx_word' id='word_1_73' title='bbox 555 1294 795 1350; x_wconf 87' lang='lat' dir='ltr'>impositum</span> <span class='ocrx_word' id='word_1_74' title='bbox 839 1303 900 1340; x_wconf 87' lang='lat' dir='ltr'>est</span> <span class='ocrx_word' id='word_1_75' title='bbox 934 1297 1136 1350; x_wconf 88' lang='lat' dir='ltr'>officium,</span> <span class='ocrx_word' id='word_1_76' title='bbox 1173 1295 1364 1354; x_wconf 88' lang='lat' dir='ltr'>equidem</span> 
     </span>
     <span class='ocr_line' id='line_1_15' title="bbox 264 1359 505 1428; baseline 0.004 -15"><span class='ocrx_word' id='word_1_77' title='bbox 264 1359 505 1428; x_wconf 84' lang='lat' dir='ltr'>procedam.</span> 
     </span>
    </p>

    <p class='ocr_par' dir='ltr' id='par_1_4' title="bbox 263 1446 1371 1796">
     <span class='ocr_line' id='line_1_16' title="bbox 324 1446 1371 1504; baseline 0.002 -14"><span class='ocrx_word' id='word_1_78' title='bbox 324 1446 363 1490; x_wconf 93' lang='grc' dir='ltr'><strong>Ο</strong></span> <span class='ocrx_word' id='word_1_79' title='bbox 382 1446 527 1491; x_wconf 83' lang='lat' dir='ltr'>Manes</span> <span class='ocrx_word' id='word_1_80' title='bbox 550 1447 859 1491; x_wconf 82' lang='lat' dir='ltr'>defunctorum!</span> <span class='ocrx_word' id='word_1_81' title='bbox 895 1447 965 1504; x_wconf 91' lang='lat' dir='ltr'>qui</span> <span class='ocrx_word' id='word_1_82' title='bbox 985 1447 1237 1492; x_wconf 85' lang='lat' dir='ltr'>Batavorum</span> <span class='ocrx_word' id='word_1_83' title='bbox 1264 1447 1371 1492; x_wconf 58' lang='lat' dir='ltr'>con-i</span> 
     </span>
     <span class='ocr_line' id='line_1_17' title="bbox 266 1522 1371 1582; baseline 0.005 -18"><span class='ocrx_word' id='word_1_84' title='bbox 266 1522 427 1572; x_wconf 87' lang='lat' dir='ltr'>didistis</span> <span class='ocrx_word' id='word_1_85' title='bbox 463 1524 804 1582; x_wconf 80' lang='lat' dir='ltr'>Rempublicam3</span> <span class='ocrx_word' id='word_1_86' title='bbox 837 1525 909 1581; x_wconf 89' lang='lat' dir='ltr'>qui</span> <span class='ocrx_word' id='word_1_87' title='bbox 938 1532 1102 1569; x_wconf 83' lang='lat' dir='ltr'>nostras</span> <span class='ocrx_word' id='word_1_88' title='bbox 1132 1525 1371 1570; x_wconf 85' lang='lat' dir='ltr'>constituis-</span> 
     </span>
     <span class='ocr_line' id='line_1_18' title="bbox 264 1598 1369 1659; baseline 0.005 -18"><span class='ocrx_word' id='word_1_89' title='bbox 264 1598 317 1642; x_wconf 90' lang='lat' dir='ltr'>tis</span> <span class='ocrx_word' id='word_1_90' title='bbox 353 1599 627 1656; x_wconf 77' lang='lat' dir='ltr'>Academia33</span> <span class='ocrx_word' id='word_1_91' title='bbox 659 1601 728 1657; x_wconf 89' lang='lat' dir='ltr'>qui</span> <span class='ocrx_word' id='word_1_92' title='bbox 765 1602 900 1659; x_wconf 84' lang='lat' dir='ltr'>patria</span> <span class='ocrx_word' id='word_1_93' title='bbox 937 1601 1169 1646; x_wconf 86' lang='lat' dir='ltr'>instituistis</span> <span class='ocrx_word' id='word_1_94' title='bbox 1210 1603 1369 1646; x_wconf 89' lang='lat' dir='ltr'>solem-</span> 
     </span>
     <span class='ocr_line' id='line_1_19' title="bbox 263 1675 1370 1733; baseline 0.005 -17"><span class='ocrx_word' id='word_1_95' title='bbox 263 1675 357 1727; x_wconf 86' lang='lat' dir='ltr'>nia,</span> <span class='ocrx_word' id='word_1_96' title='bbox 388 1689 414 1718; x_wconf 95' lang='lat' dir='ltr'>o</span> <span class='ocrx_word' id='word_1_97' title='bbox 442 1690 583 1720; x_wconf 88' lang='lat' dir='ltr'>manes</span> <span class='ocrx_word' id='word_1_98' title='bbox 613 1677 819 1733; x_wconf 79' lang='lat' dir='ltr'>Majorum</span> <span class='ocrx_word' id='word_1_99' title='bbox 853 1677 964 1721; x_wconf 83' lang='lat' dir='ltr'>hisce</span> <span class='ocrx_word' id='word_1_100' title='bbox 992 1679 1145 1722; x_wconf 86' lang='lat' dir='ltr'>nostris</span> <span class='ocrx_word' id='word_1_101' title='bbox 1174 1679 1370 1723; x_wconf 86' lang='lat' dir='ltr'>intersitis</span> 
     </span>
     <span class='ocr_line' id='line_1_20' title="bbox 265 1751 544 1796; baseline 0.007 -3"><span class='ocrx_word' id='word_1_102' title='bbox 265 1751 518 1796; x_wconf 88' lang='lat' dir='ltr'>solemnibus</span> <span class='ocrx_word' id='word_1_103' title='bbox 536 1755 544 1795; x_wconf 73' lang='grc' dir='ltr'>ἔ</span> 
     </span>
    </p>

    <p class='ocr_par' dir='ltr' id='par_1_5' title="bbox 268 1827 1374 2043">
     <span class='ocr_line' id='line_1_21' title="bbox 324 1827 1370 1891; baseline 0.004 -19"><span class='ocrx_word' id='word_1_104' title='bbox 324 1827 391 1872; x_wconf 89' lang='lat' dir='ltr'>Tu</span> <span class='ocrx_word' id='word_1_105' title='bbox 424 1828 547 1886; x_wconf 84' lang='lat' dir='ltr'>igitur</span> <span class='ocrx_word' id='word_1_106' title='bbox 575 1829 659 1873; x_wconf 86' lang='lat' dir='ltr'>huc</span> <span class='ocrx_word' id='word_1_107' title='bbox 698 1831 899 1879; x_wconf 84' lang='lat' dir='ltr'>accedas,</span> <span class='ocrx_word' id='word_1_108' title='bbox 931 1832 1091 1890; x_wconf 79' lang='lat' dir='ltr'>egregie</span> <span class='ocrx_word' id='word_1_109' title='bbox 1119 1832 1370 1891; x_wconf 84' lang='lat' dir='ltr'>Candidate!</span> 
     </span>
     <span class='ocr_line' id='line_1_22' title="bbox 269 1905 1374 1966; baseline 0.004 -18"><span class='ocrx_word' id='word_1_110' title='bbox 269 1911 308 1948; x_wconf 90' lang='lat' dir='ltr'>et</span> <span class='ocrx_word' id='word_1_111' title='bbox 339 1905 569 1950; x_wconf 87' lang='lat' dir='ltr'>adscendas</span> <span class='ocrx_word' id='word_1_112' title='bbox 598 1907 651 1949; x_wconf 93' lang='lat' dir='ltr'>ad</span> <span class='ocrx_word' id='word_1_113' title='bbox 685 1907 793 1950; x_wconf 87' lang='lat' dir='ltr'>hanc</span> <span class='ocrx_word' id='word_1_114' title='bbox 824 1909 1080 1966; x_wconf 87' lang='lat' dir='ltr'>superiorem</span> <span class='ocrx_word' id='word_1_115' title='bbox 1113 1909 1374 1963; x_wconf 80' lang='lat' dir='ltr'>cathedram,</span> 
     </span>
     <span class='ocr_line' id='line_1_23' title="bbox 268 1968 1111 2043; baseline 0.005 -19"><span class='ocrx_word' id='word_1_116' title='bbox 268 1968 383 2038; x_wconf 70' lang='lat' dir='ltr'>cujus</span> <span class='ocrx_word' id='word_1_117' title='bbox 414 1982 549 2026; x_wconf 86' lang='lat' dir='ltr'>aditus</span> <span class='ocrx_word' id='word_1_118' title='bbox 578 1983 677 2027; x_wconf 89' lang='lat' dir='ltr'>solis</span> <span class='ocrx_word' id='word_1_119' title='bbox 711 1981 953 2028; x_wconf 82' lang='lat' dir='ltr'>doctoribus</span> <span class='ocrx_word' id='word_1_120' title='bbox 983 1992 1111 2043; x_wconf 80' lang='lat' dir='ltr'>patet.</span> 
     </span>
    </p>
   </div>
   <div class='ocr_carea' id='block_1_3' title="bbox 521 2139 1122 2196">
    <p class='ocr_par' dir='ltr' id='par_1_6' title="bbox 521 2139 1122 2196">
     <span class='ocr_line' id='line_1_24' title="bbox 521 2139 1122 2196; baseline 0.007 -18"><span class='ocrx_word' id='word_1_121' title='bbox 521 2140 853 2194; x_wconf 71' lang='lat' dir='ltr'>(promotionis</span> <span class='ocrx_word' id='word_1_122' title='bbox 873 2139 1122 2196; x_wconf 77' lang='lat' dir='ltr'>formula.)</span> 
     </span>
    </p>
   </div>
  </div>
 </body>
</html>
