1492 2896
304 237 692 280 PHILOSOPHICO
704 260 722 269 -
734 237 1039 279 HISTORICA.
1146 242 1214 279 161

107 349 335 400 ἀμετρότερον
361 353 482 394 αὐτοῖς
501 352 670 399 ἐχρῶντο.
697 349 912 398 κατηγόρους
936 365 977 390 τε
995 351 1129 394 ἐνετοὺς
1152 350 1212 390 ἐπὶ

107 427 179 465 τοῖς
197 420 374 464 πλουσίοις
395 421 568 466 ἐπήγοντο
581 447 595 466 ‚
622 420 682 459 καὶ
697 421 765 464 τὰς
785 423 853 459 τῶν
872 421 1073 467 δωροδοκιῶν
1092 420 1212 462 δίκαις,

107 491 352 538 συνιστάμενοι
381 490 504 539 σφίσιν
539 492 686 536 αὐτοῖς,
718 489 778 529 καὶ
802 489 1029 538 βιαζόμενοι,
1056 489 1215 536 πάμπαν

105 558 274 608 οὶνῇρουν”
294 559 378 608 (1).

159 627 265 667 Talis
293 629 366 677 jam
393 640 433 666 ea
462 636 578 666 aetate
603 627 824 677 judiciorum
851 627 995 665 Romae
1016 626 1090 665 fuit
1118 628 1214 665 ratio

104 698 271 746 satisque
302 699 366 737 diu
390 698 450 737 illa
475 697 700 747 perduravit.
765 698 835 736 Uti
858 706 978 735 autem
1003 705 1150 735 constat
1177 697 1216 734 in

105 768 200 806 bene
228 778 367 806 morata
396 768 546 807 civitate
573 769 695 817 legum
724 768 828 805 cultu
866 766 1014 804 civibus
1038 766 1219 804 vindicari

105 838 334 885 libertatem,
364 838 414 876 ita
443 838 550 876 etiam
575 838 707 887 procul
735 837 850 875 dubio
879 848 1006 875 verum
1034 845 1116 883 est,
1146 835 1220 874 nisi

108 906 342 956 magistratus
380 916 416 945 et
447 908 591 958 Judices
627 919 720 955 quae
756 907 883 957 jubeat
917 908 978 944 lex
1014 906 1082 944 rite
1115 917 1220 944 exse-

109 987 292 1025 quantur,
322 978 527 1015 libertatem
560 986 703 1015 exstare
734 977 832 1015 haud
860 987 989 1025 posse.
1041 976 1221 1025 Quando-

109 1047 256 1094 quidem
288 1056 410 1085 autem
430 1075 443 1093 ,
483 1046 549 1084 ubi
581 1047 696 1084 labem
725 1047 856 1095 popuii
883 1057 1004 1084 mores
1029 1054 1224 1084 contraxe-

111 1124 198 1154 runt
224 1115 331 1164 isque
355 1115 527 1154 lasciviae
556 1125 676 1153 totum
705 1127 745 1154 se
776 1117 903 1163 dedit,
936 1116 1137 1165 negligitur
1164 1127 1224 1153 ce·

111 1187 284 1234 teroquin
317 1187 423 1224 etiam
457 1186 579 1224 debita
617 1186 762 1234 legibus
794 1186 1053 1231 observantia..
1087 1193 1224 1233 sponte

110 1264 290 1305 apparet,
324 1255 490 1295 infractis
519 1268 539 1294 a
557 1257 683 1306 ‚iudice
707 1257 875 1306 legibus,
903 1268 1048 1294 omnem
1074 1268 1226 1294 evanes-

112 1337 193 1364 cere
228 1337 322 1374 quae
356 1326 520 1375 supersit
547 1314 820 1365 conservandae
846 1327 1028 1365 libertatis
1058 1338 1162 1376 spem
1190 1336 1227 1364 et

113 1396 350 1446 praesidium.

164 1465 267 1517 Quid
296 1477 384 1503 vero
419 1465 646 1504 deterrimam
679 1467 798 1515 gentis
825 1467 1017 1505 Romanae
1040 1467 1229 1506 conditio-

114 1548 196 1575 nem
224 1535 407 1584 prolixius
440 1547 646 1584 exponam,
685 1549 794 1585 quam
830 1536 1110 1587 prudentissimi
1145 1539 1229 1587 qui-

115 1619 188 1655 que
225 1607 263 1644 in
298 1606 448 1644 civitate
484 1607 579 1653 viri,
623 1607 720 1646 Cato
756 1608 826 1657 (2)
865 1608 1002 1655 aliique
1039 1610 1230 1647 emendare

115 1676 251 1715 frustra
272 1676 524 1715 studuerunt?
571 1678 734 1717 Dolebat
756 1679 991 1715 vehementer
1018 1679 1110 1716 hanc
1139 1691 1229 1716 suo-

117 1758 196 1783 rum
224 1745 359 1784 civium
386 1747 704 1795 degenerationem
727 1748 892 1795 optimus
921 1748 1069 1786 Cicero.
1119 1748 1231 1797 Frag-

117 1823 279 1853 mentum
309 1825 475 1853 servatur
498 1828 542 1854 ex
570 1817 649 1865 ejus
672 1815 717 1853 de
739 1817 946 1867 Republica
971 1817 1100 1865 libris,
1127 1818 1229 1865 quod

118 1884 243 1934 prodit
279 1886 384 1933 plane
419 1885 545 1923 nobile
573 1885 642 1923 viri
678 1886 865 1934 ingenium
884 1914 896 1932 ,
925 1886 1067 1926 infelici
1094 1888 1232 1937 patriae

118 1966 203 1992 casu
225 1954 638 2003 gravi-ssimeafflictum.
673 1956 817 1994 Locum
831 1968 1073 2005 apponamus,
1115 1959 1232 2005 „An-

119 2034 156 2062 te
177 2034 339 2062 nostram
369 2026 630 2071 memoriam,”
661 2027 735 2073 ait,
773 2035 851 2074 „et
877 2039 957 2064 mos
984 2028 1065 2076 ipse
1090 2030 1230 2076 patritia

121 2103 346 2142 praestantes
378 2096 478 2132 viros
505 2095 729 2142 adhibebat,
766 2107 802 2134 et
829 2106 986 2134 veterem
1020 2109 1157 2135 rnorem
1192 2110 1232 2136 ac

124 2166 299 2215 maiorum
322 2164 492 2204 instituta
515 2165 724 2204 retinebant
745 2167 965 2204 excellentes
982 2168 1064 2204 viri.
1095 2167 1237 2206 Nostra

1171 2251 1235 2275 VC*

167 2301 213 2343 (ι)
241 2302 377 2340 Appiam,
398 2304 490 2333 Hist.
513 2306 607 2333 Rom.
629 2303 705 2334 Lib.
726 2305 752 2335 1.
768 2315 794 2335 c.
813 2316 861 2336 22.
877 2326 886 2341 ‚
909 2305 957 2336 ed.
979 2303 1238 2347 Schweighaeus-

167 2354 213 2394 (2)
240 2353 339 2385 Vidd.
355 2354 517 2386 Plutarch.
540 2358 610 2387 Vit.
630 2360 702 2387 Cat.
715 2371 727 2392 ;
745 2357 859 2391 Livius
874 2359 963 2388 Hixt.
981 2358 1149 2388 XXXIV.
1166 2370 1193 2389 c.
1209 2360 1240 2390 5.

669 2420 700 2457 L
