1492 2896
264 283 317 324 12
372 280 412 326 J.
430 281 475 325 L.
488 280 535 325 (3.
552 276 909 324 SCHROEDER
926 290 1030 321 VAN
1044 291 1142 323 mm
1157 277 1320 325 KOLK

263 439 344 482 que
378 429 604 474 nocerent,
635 421 693 464 ita
729 427 800 474 ut,
828 420 862 464 si
898 421 1018 479 plura
1055 420 1177 478 hujus
1211 421 1376 479 generis

260 501 447 545 instituta
483 499 740 558 inspexeris,
787 497 924 556 potius
969 498 1013 541 in
1055 498 1147 543 villa
1191 498 1375 556 quadam

261 577 482 635 magnifica
525 584 563 620 et
611 589 814 628 amoena,
864 590 989 631 quam
1036 575 1078 617 in
1119 576 1376 621 Nosocomio

260 661 396 699 mente
425 654 711 697 falienatorum
742 660 782 697 te
815 652 1088 697 obambulare
1123 653 1329 698 crederes.

329 731 502 776 Talibus
557 730 730 788 egregiis
786 729 1054 773 humanitatis
1113 729 1375 774 documentis

261 808 418 861 Gallia,
451 807 626 865 Anglia‚
650 807 768 850 Italia
797 814 921 863 atque
951 807 1176 850 Germania
1206 806 1376 865 gloriari

259 892 406 928 nostro
441 891 630 942 tempore
668 890 873 941 possunt,
930 883 1084 939 quibus
1120 897 1208 927 non
1236 883 1375 927 >modo

259 962 547 1007 Maniacorum
598 974 690 1003 sors
738 959 781 1002 in
820 958 899 1002 illis
942 959 1182 1018 regionibus
1222 960 1374 1004 mirum

261 1045 458 1096 quantum
486 1038 702 1082 emendata
730 1044 789 1080 est
806 1069 817 1088 ‚
850 1036 923 1080 sed
947 1037 1069 1080 etiam
1092 1035 1266 1081 Medicis
1294 1051 1374 1081 oc·-

260 1116 371 1160 casio
399 1116 564 1168 oblata,
611 1114 877 1158 difficillimos
919 1114 997 1157 hos
1033 1114 1207 1158 morbos
1245 1127 1374 1159 accu-

259 1193 388 1237 ratius
423 1191 670 1250 explorandi
717 1205 944 1248 eorumque
995 1204 1142 1235 causas
1188 1191 1374 1235 abscon-

260 1269 366 1313 ditas
393 1267 691 1326 investigandi,
726 1267 875 1324 quibus
903 1267 983 1311 sibi
1009 1267 1117 1311 viam
1149 1267 1204 1310 ad
1230 1281 1373 1311 curam

262 1362 404 1392 eorum
443 1347 689 1389 morborum
720 1344 963 1388 rationalem
998 1352 1183 1388 sternere
1216 1358 1376 1403 coepe-

259 1433 367 1469 runt.
429 1424 665 1468 Dolendum
702 1423 836 1475 enim,
872 1423 1012 1480 plures
1044 1421 1274 1480 scriptores
1302 1422 1373 1465 fu-

259 1518 303 1547 se
346 1502 512 1560 quidem
542 1501 753 1558 disputare
789 1499 841 1543 de
874 1498 1183 1558 psychologicis
1216 1513 1371 1555 quaes-

260 1579 464 1632 tionibus,
495 1579 620 1635 inque
659 1578 800 1636 spinas
838 1576 1047 1634 partiendi
1085 1584 1124 1619 et
1161 1575 1372 1620 dividendi

257 1657 442 1700 diversas
476 1655 636 1714 species
681 1669 771 1697 sese
810 1652 1037 1703 inmittere,
1081 1652 1194 1708 quod
1232 1659 1369 1696 autem

259 1749 462 1777 summum
495 1739 582 1784 est,
626 1745 768 1774 curam
799 1730 1041 1773 rationalem
1082 1730 1168 1773 fere
1203 1729 1369 1787 penitus

258 1810 493 1869 negligere,
540 1815 610 1851 aut
644 1807 721 1850 levi
757 1813 916 1849 tantum
943 1805 1135 1863 penicillo
1171 1812 1368 1863 tangere,

258 1889 320 1932 vel
365 1887 458 1931 rudi
511 1885 710 1944 Empyria
757 1884 951 1927 seductos
997 1883 1118 1941 plura
1169 1882 1276 1926 inter
1325 1897 1370 1926 se

262 1964 471 2009 contraria
505 1962 688 2007 remedia
727 1960 1022 2004 commendare
1054 1961 1202 2003 solent.

316 2042 363 2086 Si
400 2055 499 2087 vero
537 2040 620 2097 jam
661 2039 716 2081 ad
760 2037 942 2081 Patriam
982 2037 1125 2080 oculos
1168 2036 1365 2087 adverto,

261 2119 428 2173 nesci0,
458 2126 594 2162 utrum
620 2131 686 2160 me
719 2115 883 2173 gravius
909 2128 1101 2158 moerore
1125 2127 1368 2157 commove-

261 2197 319 2251 ri,
352 2211 405 2242 an
431 2196 592 2255 pudore
618 2192 802 2238 suffundi
830 2192 1019 2236 sentiam.

321 2277 369 2320 In
398 2273 537 2319 Patria
575 2273 705 2325 enim,
738 2270 809 2314 ubi
841 2270 951 2312 nulla
980 2267 1176 2313 scientiae
1215 2266 1367 2310 huma-

264 2369 339 2398 nae
381 2367 479 2412 pars
516 2350 727 2407 neglecta,
788 2348 831 2391 in
869 2362 951 2403 qua
996 2353 1058 2390 tot
1095 2345 1206 2404 asyla
1243 2351 1370 2401 atque
