1492 2896
474 236 861 281 ORATIO.
1178 239 1230 280 13

113 378 269 422 dictum
287 375 487 421 habetur:
508 375 845 431 perfectissimi
864 377 1084 432 cujusque
1101 391 1230 418 sum..

109 479 186 506 ma
242 461 473 517 sapientia
530 467 598 501 est
643 459 905 514 proficere,
943 461 1229 517 placidaque

109 549 346 591 docilitate
379 546 561 601 longius
593 545 706 585 eniti
736 542 794 598 ²¹¹).
869 542 1015 596 Haec,
1055 543 1090 587 si
1127 544 1230 601 quid

110 631 256 684 video,
289 628 477 688 germani
507 634 602 672 sunt
631 626 894 686 Philosophi.
969 628 1058 672 Nos
1094 636 1233 675 autem

114 715 167 760 de
194 731 419 772 germano
449 711 683 770 loquimur.·
743 711 880 769 Quem
911 712 947 756 si
975 712 1237 760 informave-

112 799 272 853 rimus,
314 799 405 842 luce
448 796 599 841 clarius
644 796 831 854 patebit,
878 797 1081 856 optimum
1121 799 1238 845 illum

117 898 207 929 esse
237 882 515 940 Theologum.

173 968 395 1027 Agedum,
420 967 571 1012 -A.A.!
609 966 703 1024 quis
745 966 798 1010 sit
833 984 1088 1024 germanas
1115 973 1241 1014 Phi-

118 1054 359 1109 losophiae,
403 1050 632 1095 videamus.
710 1052 994 1095 Germanum
1036 1052 1212 1100 dicimus
1227 1073 1242 1112 3-

115 1143 388 1196 potueramus
417 1134 541 1178 etiam
577 1133 823 1193 simpliciter
853 1134 993 1181 dicere
1021 1139 1241 1183 Philoso-

116 1224 294 1280 phum5
336 1235 462 1274 nam,
495 1220 569 1279 qui
593 1237 847 1277 germanas
874 1235 961 1265 non
990 1222 1062 1278 sit,
1093 1224 1129 1269 is
1158 1240 1242 1270 no-

118 1307 230 1352 mine
270 1306 471 1365 gaudeat,
513 1319 659 1350 revera
694 1319 781 1349 non
823 1313 885 1349 est
912 1308 1258 1365 Philosophus.⁴

119 1391 407 1451 Philosophus
448 1391 575 1450 igitur
614 1398 676 1435 est
717 1394 974 1447 sapientiae
1021 1399 1245 1452 cupidus,

122 1476 238 1534 quod
266 1476 359 1536 ipsa
393 1475 509 1521 vocis
541 1475 603 1520 vis
634 1475 846 1533 declarat3
892 1482 1124 1534 sapientia
1166 1497 1247 1526 au-

119 1568 231 1614 tem,
274 1567 470 1605 monente
500 1559 789 1615 Cicerone·7
831 1579 992 1607 rerum
1015 1567 1250 1610 hamana..

123 1662 229 1688 rum
282 1647 635 1702 divinarumque
683 1648 876 1690 scientia
930 1657 1005 1694 est.
1097 1652 1245 1713 Itaque

121 1727 179 1772 illi
208 1727 316 1773 inest
343 1728 525 1772 studium
541 1761 553 1783 ‚
584 1729 693 1773 inest
714 1745 835 1775 amor
860 1734 1071 1791 veritatis,
1104 1740 1247 1800 cupit-

126 1825 207 1869 que
233 1827 301 1856 res
330 1811 533 1856 humanas
564 1820 604 1856 et
632 1812 791 1858 divinas
817 1829 1086 1874 cognoscere.
1149 1823 1247 1869 Non

126 1896 325 1955 desperat
367 1896 419 1940 de
461 1896 708 1941 invenienda
755 1899 951 1955 veritate,
992 1918 1123 1962 eaque
1163 1909 1249 1954 oh-

95 1980 300 2040 jectiva,
333 1995 440 2037 quae
482 1979 660 2037 dicitur3
721 1997 818 2027 nam
856 1986 1106 2045 subjectiva,
1139 2008 1247 2050 quae

126 2064 267 2118 audit,
312 2063 491 2117 veritas,
535 2065 765 2123 objectivae
797 2071 1019 2129 opposita,
1049 2079 1248 2134 praecla-

126 2164 218 2192 rum
247 2148 442 2198 Averitatis
483 2164 635 2194 nomen
671 2166 757 2196 non
803 2163 999 2203 meretur.
1103 2163 1247 2222 Quare

175 2335 207 2374 κ)
231 2335 306 2368 Vid.
331 2337 438 2369 Instit.
462 2340 562 2376 Rclrg.
593 2341 703 2372 Clerisl,
732 2341 770 2372 L.
797 2342 859 2373 III.
885 2356 909 2374 c.
935 2344 980 2375 II.
1004 2357 1027 2376 S.
1053 2348 1082 2377 4.
