1492 2896
589 232 639 276 ΔΗ

71 384 165 415 eum
196 367 285 412 aliis
308 367 542 412 intueantur
568 366 732 411 assidue
753 365 887 411 nostri
914 366 1003 411 aevi
1032 365 1181 411 Theo-

71 443 259 503 logi(1)‚
288 443 515 502 prudenter
540 450 673 487 autem
691 441 770 487 sibi
795 450 967 487 caveant
984 441 1039 487 ab
1057 455 1179 486 erro-

63 520 207 573 ribus,
233 520 391 579 quibus
413 520 670 564 indulserunt
693 520 777 574 illi,
801 515 1081 579 praedicanda
1111 520 1180 562 fo-

73 606 138 644 ret
163 598 299 644 nostri
330 597 420 643 aevi
454 596 650 650 felicium,
692 596 820 656 inque
850 610 922 640 eos
955 593 1182 653 quadrabit

62 674 342 736 praeceptum
356 693 365 719 :

228 784 230 786 ’
265 774 390 814 noim
414 773 627 822 &armigera
643 798 655 817 ,
683 773 723 811 τὸ
748 772 857 811 καλὸν
882 771 1078 820 κατέχετε.

73 880 188 925 Haee
220 895 294 924 vos
324 879 589 938 Exemplaria
619 884 662 921 ut
685 875 950 930 intueamini,
990 882 1057 929 et,
1088 875 1184 920 Ma-

64 957 208 1002 *iorum
231 957 395 1001 illorum
421 970 562 1008 more,
589 953 863 1012 Theologiam
877 985 890 1008 ‚
916 953 976 997 uti
999 953 1187 1012 incepis-

72 1033 152 1087 tis,
182 1033 227 1077 in
252 1040 466 1092 posterum
493 1031 715 1083 excolatis,
745 1030 1002 1088 Theologiae
1026 1028 1187 1074 Candi-

75 1110 181 1155 dati!
232 1124 358 1163 mox,
401 1109 565 1152 illorum
597 1106 756 1160 instar,
800 1106 971 1151 summis
1007 1104 1188 1149 ornandi

74 1173 331 1240 honoribus,
363 1200 437 1230 vos
461 1185 641 1230 excitant
667 1184 786 1231 huius
816 1183 897 1231 diei
928 1184 1126 1231 solemnia
1148 1190 1188 1228 et

77 1264 340 1319 cerimoniae.

134 1373 248 1426 Tulit
284 1380 415 1433 enim,
472 1381 524 1424 A.
543 1379 619 1425 ΗΑ
679 1378 801 1424 Ordo
840 1385 983 1423 noster
1017 1377 1190 1421 Iuvenes

78 1459 254 1512 multos,
299 1456 384 1502 suis
413 1455 603 1501 laudibus
637 1456 912 1516 conspicuos,
956 1456 1000 1499 in
1040 1454 1193 1512 quibus

80 1535 186 1580 duos
220 1550 323 1595 prae
357 1533 506 1578 ceteris
542 1533 891 1588 animadvertitis,
932 1533 1109 1591 quibus,
1147 1539 1193 1576 ut

72 1612 136 1657 'ad
174 1626 359 1657 summos
405 1611 447 1654 in
497 1610 757 1669 Theologia‚
804 1628 928 1654 more
967 1613 1194 1653 maiorum

81 1689 427 1748 consequendos,
459 1688 674 1740 honoreS,
705 1676 968 1747 adspirarent
1001 1701 1194 1732 suasores

82 1769 246 1812 suerunt
276 1766 494 1824 Theologi.
518 1789 567 1797 -
600 1763 802 1818 Novistis‚
833 1764 1001 1822 quinam
1020 1763 1078 1808 illi
1096 1764 1193 1809 sint.

84 1843 227 1889 In'his

279 1921 425 1964 IANUs
457 1918 702 1963 HENRICUS
733 1917 1019 1962 Scnoz'rEN,

83 2037 266 2098 priorem
295 2042 519 2095 propterea
553 2033 634 2078 sibi
675 2033 855 2078 vindicat
888 2034 1048 2087 iocum,
1081 2033 1195 2091 quod

79 2169 83 2172 -
128 2148 177 2189 (l)
213 2149 332 2179 Affixae
362 2151 448 2178 erant
479 2148 608 2178 solemni
640 2147 732 2179 hacce
766 2148 996 2188 opportunitate
1026 2147 1197 2187 parietibus

86 2202 188 2233 aedis.
212 2201 394 2233 cathedralis
433 2202 670 2239 nonnullorum,
713 2201 765 2233 hic
795 2201 1010 2240 laudatorum,
1046 2202 1197 2233 Virorum

85 2257 228 2297 imagines
243 2280 251 2294 ‚
282 2268 341 2287 una
363 2268 432 2288 cum
455 2258 587 2288 aliorum
610 2257 762 2289 Virorum
781 2257 889 2294 Clau,
926 2257 979 2298 qui
1003 2256 1093 2288 variis
1116 2262 1196 2288 tem-

88 2314 216 2355 poribus
236 2317 369 2345 nostram
390 2318 540 2345 ornarunt
564 2312 768 2345 Academiam.
