1492 2896
299 245 682 285 PHILOSOPHICO
693 266 705 273 -
720 245 1024 286 HISTORICA.
1155 259 1224 295 159

123 358 158 394 in
193 355 385 403 pessimam
430 354 688 403 negligentiam
720 356 801 403 ipsfi
835 356 1026 403 parentum
1061 356 1226 403 nequitia

121 419 197 462 erait
221 424 413 471 depravata
434 425 516 472 (1).
584 423 769 462 Virtutem
811 424 903 462 enim
941 427 1062 464 colere
1097 426 1136 463 in
1168 428 1229 465 de·

123 492 353 531 suetudinem
378 492 542 540 abierat;
581 494 669 531 satis
698 495 880 533 ducebant
905 496 1025 533 clatos
1055 496 1230 536 habuisse
1269 514 1271 518 v

123 562 278 611 majores
295 590 307 608 ,
337 575 494 609 quorum
525 563 642 612 gloria
665 564 737 602 sibi
760 565 854 602 viam
879 567 924 603 ad
953 567 1113 605 honores
1137 576 1230 606 stra·

121 640 200 669 tum
232 632 277 669 iri
307 622 486 680 putabant
516 633 600 681 (2).
654 633 803 683 Quibus
843 635 1016 673 omnibus
1057 635 1230 675 effectum

121 699 220 748 fuit,
243 710 284 740 ut
307 701 427 740 Roma
452 703 489 740 in
513 703 589 740 dies
613 704 827 752 corruptior
849 707 957 753 plane
981 707 1126 745 tandem
1144 719 1232 756 pro·

122 771 248 819 baret,
269 773 371 820 quod
390 773 490 821 apud
514 773 682 812 Plautum
702 774 925 822 pronunciat
948 775 986 813 in
1010 776 1230 816 Trinummo

123 840 304 880 Stasimus
324 843 418 892 (3),

153 958 176 979 ,‚
191 931 316 981 Atque
329 935 473 971 utinam
488 942 625 972 veteres
638 946 752 972 mores
766 943 975 985 veteresque
986 937 1235 986 parsimoniae

187 1001 317 1039 Potius
335 1003 471 1049 majori
484 1004 614 1041 honori
631 1004 690 1041 hic
703 1014 819 1044 essent
833 1019 944 1054 quam
960 1019 1076 1045 mores
1090 1004 1197 1045 mali.

186 1070 290 1107 Nam
322 1083 419 1108 nunc
449 1084 563 1110 mores
591 1073 690 1110 nihil
710 1074 868 1121 faciunt
894 1074 994 1125 quod
1017 1077 1101 1114 l1'cet
1117 1105 1130 1123 ‚
1162 1078 1235 1114 nisi

268 1140 368 1190 quod
388 1141 501 1179 lubet.

186 1209 350 1248 Ambitio
364 1212 452 1257 jam
476 1210 574 1249 more
592 1220 723 1251 sancta
745 1213 815 1260 ’st‚
839 1214 1003 1252 liberata
1026 1215 1178 1264 legibus.

188 1280 304 1319 Scuta
315 1281 449 1330 jacere
461 1283 673 1333 fugereque
699 1284 812 1321 hostes
825 1311 838 1329 ,
875 1296 973 1322 more
995 1284 1103 1324 habet
1127 1287 1236 1325 licen-

270 1354 379 1389 tiam.

157 1436 158 1439 ¹
193 1421 320 1459 Mores
336 1421 430 1471 leges
448 1422 708 1473 perduxerunt
723 1424 811 1471 jam
826 1426 867 1462 in
874 1434 1090 1475 potestatem
1106 1438 1234 1473 suam,

192 1490 321 1540 Magis
338 1493 441 1540 queis
460 1501 545 1529 sunt
573 1493 757 1531 obnoxiosi
779 1506 891 1543 quam
908 1504 1083 1546 parentes
1094 1496 1233 1536 liberis.

193 1560 276 1598 Eae
300 1563 456 1598 miserae
478 1563 590 1599 etiam
616 1561 671 1599 ad
685 1565 867 1613 parietem
891 1574 975 1602 sunt
994 1563 1099 1613 fixae
1121 1567 1235 1605 clavis

259 1633 426 1681 ferreis,

189 1701 264 1739 Ubi
281 1702 394 1740 malos
414 1713 529 1739 mores
551 1703 650 1752 affigi
674 1704 784 1741 nimio
795 1704 935 1750 fuerat
954 1707 1120 1753 aequius.

190 1770 321 1819 Neque
345 1773 425 1809 istis
449 1773 648 1821 quicquam
670 1772 747 1820 lege
765 1782 932 1811 sanctum
954 1774 1028 1823 Ὤ,-
1049 1776 1141 1825 leges
1163 1790 1235 1815 mo-

274 1841 312 1875 ri
331 1841 510 1879 serviunt.

194 1909 319 1946 Mores
333 1918 456 1947 autem
474 1920 607 1960 rapere
623 1921 849 1961 properant,
867 1926 942 1962 qua
965 1926 1136 1963 sacrum,
1159 1930 1234 1965 qua

266 1978 498 2028 publicum.”

1139 2062 1233 2101 Tam

169 2145 216 2186 (1)
241 2144 319 2175 vid.
346 2144 403 2175 hnc
432 2145 471 2174 de
497 2155 531 2174 re
558 2145 594 2175 B.
620 2156 652 2176 v.
677 2146 710 2176 d.
737 2146 882 2184 velden,
913 2149 1032 2178 Comm.
1054 2151 1093 2180 de
1109 2162 1237 2192 puero·-

131 2209 201 2228 rum
221 2209 276 2239 ap.
298 2200 396 2228 Rom.
417 2199 630 2236 educatione,
654 2199 800 2231 Gandav.
816 2201 906 2232 1821.
927 2210 960 2239 p.
983 2212 1032 2241 90.
1053 2214 1131 2243 sqq.

173 2253 219 2291 (α)
245 2251 335 2282 Patet
369 2251 428 2282 hoc
456 2252 613 2290 imprimis
652 2262 690 2282 ex
715 2254 860 2286 oratione
887 2253 1004 2292 Marii,
1033 2266 1113 2295 quae
1133 2262 1236 2290 exstat

130 2303 212 2341 apud
239 2304 316 2333 San.
338 2307 378 2335 B.
401 2307 434 2335 J.
456 2315 484 2335 c.
508 2306 558 2337 85.

173 2357 218 2396 (5)
247 2358 348 2387 vlam.
376 2359 557 2388 Trinumm.
585 2360 658 2389 Act.
684 2359 746 2391 lv.
769 2359 823 2391 Sc.
849 2360 913 2391 111.
935 2371 982 2394 vs.
1004 2372 1054 2394 αι,
1076 2373 1147 2404 sqq,
