1492 2896
807 263 862 306 62

283 395 427 441 aetatis
454 395 644 441 exstitere
676 411 937 455 progressus.
1012 397 1116 441 Hinc
1131 429 1143 451 ,
1171 411 1258 456 quo
1292 405 1389 444 ten·

283 473 342 517 dit
369 474 453 531 jam
480 473 638 528 Baco,
667 475 725 518 ita
755 475 962 532 hodieque
991 474 1174 533 potentia
1206 475 1386 520 humana

281 556 401 592 aucta
429 557 514 603 est,
556 558 601 594 ut
630 558 820 594 naturam
852 551 937 595 sere
967 551 1047 595 sibi
1077 551 1311 609 subjecerit.

337 625 456 683 Quae
492 640 584 670 cum
625 627 683 671 ita
722 627 823 680 sint,
873 628 1173 674 commilitones
1209 629 1384 690 optimi,

279 702 512 747 felicitatem
541 712 726 748 nostram
761 704 861 748 satis
898 704 1142 763 praedicare
1165 719 1251 750 non
1276 719 1386 766 pos·

279 794 446 830 sumus,
496 782 568 838 qui
617 785 660 825 in
709 782 934 826 Academia
990 796 1228 836 versamur,
1275 797 1386 841 quae

278 856 505 916 simplicem
536 858 644 901 hanc
673 858 760 903 veri
793 859 1026 903 inveniendi
1054 859 1159 904 viam
1196 859 1386 918 *sequitur

279 941 321 978 et
355 941 504 979 tuetur.
567 934 647 978 Hic
685 935 817 989 enim,
848 935 1065 981 Socratica
1101 950 1274 995 prorsus
1309 951 1385 982 ra-

276 1010 414 1061 tione,
444 1024 528 1054 non
563 1024 611 1054 ex
642 1017 861 1070 systema-te
894 1011 1102 1068 quodam,
1133 1011 1208 1056 sed
1236 1027 1285 1058 ex
1310 1012 1383 1056 in-

277 1086 429 1136 teriore
455 1087 585 1145 ipsius
617 1086 797 1130 hominis
831 1087 1066 1145 cognitione
1096 1086 1232 1131 omnis
1265 1086 1383 1132 deri-

276 1169 395 1206 vatur
428 1162 708 1221 philosophia.
777 1163 824 1207 In
857 1163 937 1208 hac
971 1171 1114 1208 nostra
1153 1163 1383 1209 Academia

277 1253 361 1282 non
403 1254 452 1283 ex
496 1239 654 1284 ficticiis
695 1240 936 1300 principiis,
981 1255 1067 1284 non
1101 1255 1151 1285 ex
1189 1241 1381 1286 obscuris

276 1315 626 1368 theorematibus,
667 1331 834 1368 verum,
873 1317 1099 1361 secundum
1132 1317 1381 1363 Bacenis

276 1401 526 1451 praecepta,
562 1408 610 1437 ex
639 1393 740 1452 ipsis
772 1401 943 1438 naturae
971 1394 1160 1452 judiciis,
1190 1409 1270 1454 per
1297 1395 1383 1440 ob-

276 1469 548 1513 servationem
588 1477 711 1527 atque
753 1471 937 1530 analysin
972 1471 1167 1526 detectis,
1217 1472 1382 1517 doctri-

276 1559 353 1589 nae
383 1561 652 1603 quaecunque
683 1547 880 1606 physicae
908 1548 1174 1595 illustrantur.

332 1623 458 1667 Dicat
487 1624 558 1666 hie
586 1625 691 1667 forte
720 1624 891 1681 aliquis:
924 1625 1025 1681 quid
1053 1639 1150 1670 vero
1175 1632 1219 1669 tu
1248 1640 1379 1685 prae-

274 1700 401 1745 sentis
432 1701 634 1759 temporis
663 1701 950 1746 liberalitatem
979 1701 1202 1746 dilaudas?
1287 1702 1378 1747 Te-

272 1785 355 1821 met
378 1777 513 1836 ipsum
535 1777 579 1820 in
605 1779 772 1835 antiqua
800 1778 880 1822 hac
905 1778 1027 1831 aede,
1061 1792 1167 1835 quae
1196 1778 1377 1824 medium

270 1854 394 1911 plane
428 1869 572 1898 aevum
603 1855 752 1907 refert,
795 1863 879 1898 tum
918 1855 1040 1899 etiam
1073 1855 1376 1900 commilitones

273 1939 364 1975 tuos
401 1931 570 1976 indutos
611 1932 815 1976 cernimus
852 1939 949 1990 toga
990 1933 1218 1986 doctorali,
1264 1933 1378 1993 pileo

273 2016 427 2063 tectos,
472 2017 644 2052 ornatos
686 2010 864 2062 annulo,
912 2024 1123 2054 nummum
1161 2017 1373 2068 gerentes3

272 2101 355 2130 non
390 2094 533 2130 nostra
573 2087 675 2129 haec
709 2094 924 2145 tempora,
981 2087 1055 2130 sed
1088 2086 1157 2128 illa
1194 2085 1374 2139 scilicet,

271 2163 422 2220 quibus
452 2163 719 2221 grassabatur
750 2163 792 2206 in
827 2163 999 2222 Europa
1031 2163 1272 2225 barbaries,
1303 2178 1376 2207 re-

271 2241 425 2301 dolent.
457 2264 509 2273 —-
541 2241 677 2297 Quum
704 2254 826 2293 vero,
859 2240 999 2293 Λ.Λ.,
1031 2239 1174 2283 aetatis
1205 2246 1375 2285 nostrae

274 2318 504 2364 felicitatem
556 2317 811 2369 extollimus,
887 2331 969 2361 non
1022 2317 1115 2360 ideo
1162 2317 1376 2376 culpamus
