1492 2896
290 247 679 287 PHILOSOPHICO
691 268 706 278 -
720 248 1030 289 HISTORICA.
1173 261 1220 298 39

105 357 228 396 munia
265 357 404 395 civium
453 357 685 394 tetenderunt
723 358 922 403 convivia,
965 357 1103 404 quibus
1139 367 1220 396 tan-

104 438 212 474 quam
241 430 497 472 διδασκαλεῖοις
524 430 749 476 σωφροσύνης
773 428 879 475 pueri
905 428 1075 466 adessent
1098 429 1219 475 deque

100 495 213 534 rebus
257 497 422 545 politicis
463 495 744 534 confabulantes
789 497 890 534 cives
933 497 1102 538 audirent
1136 498 1218 546 (1).

99 565 310 605 Valuerunt
333 578 376 604 eo
402 578 486 604 cum
510 567 659 605 inducta
685 565 801 603 ferrea
828 576 976 603 moneta
999 567 1221 614 sublataque

97 638 142 675 ea
168 646 372 675 mercatura
397 639 494 686 (2),
532 645 612 674 turn
649 647 739 674 vero
765 635 873 673 etiam
905 638 1101 684 ξενηλασία
1125 636 1220 674 veti-

99 713 211 755 taque
239 707 376 744 civium
409 706 681 756 peregrinatio,
719 715 758 743 ut
789 717 836 743 ne
864 716 935 742 una
968 690 1052 742 cuin
1078 705 1218 744 divitiis

98 775 272 824 luxuria,
306 787 390 814 cum
423 775 628 825 peregrinis
657 775 750 823 ipsis
774 784 838 814 aut
864 776 1104 825 peregrinatis
1128 775 1220 814 civi·

99 846 171 884 bus
185 857 307 884 mores
332 845 419 884 item
439 845 626 894 peregrini
649 845 687 882 in
707 845 893 883 civitatem
917 846 1120 893 irreperent
1133 846 1218 895 (3).

97 916 227 963 Atque
267 915 321 954 sic
360 915 509 963 quidem
555 915 757 964 Lycurgus
803 943 834 962 ‚9
855 916 964 965 ὥςπερ
1002 918 1074 959 ἑνὸς
1099 917 1220 964 ἀνδρὸς

97 988 167 1035 βίῳ
200 987 260 1025 καὶ
285 986 422 1030 πόλεως
456 985 538 1030 ὅλης
574 986 717 1034 νομίζων
753 987 976 1032 εὐδαιμονίαν
1000 983 1069 1024 ἀπ’
1090 987 1219 1033 οὲρετῆς

96 1055 302 1101 ἐγγίνεσθαι
333 1056 392 1094 καὶ
424 1057 585 1102 ὁμονοίας
620 1060 683 1099 τῆς
720 1058 804 1104 πρὸς
840 1058 974 1100 αὐτὴν,
1007 1057 1091 1104 πρὸς
1115 1059 1219 1095 τοῦτο

96 1123 268 1170 συνέταξε
293 1125 353 1163 καὶ
383 1125 622 1173 συνήρμοσεν,
672 1124 764 1168 ὅπως
794 1126 972 1173 ἐλευθέριοι
999 1127 1058 1164 καὶ
1085 1126 1221 1173 αὐταρ-

94 1207 170 1237 κεις
200 1193 380 1241 γενόμενοι
416 1194 475 1233 καὶ
508 1198 764 1242 σωφρονοῦντες
802 1197 860 1233 ἐπὶ
896 1200 1066 1234 πλεῖστον
1097 1196 1220 1242 χρόνον

97 1264 325 1303 διατελῶσιν”
363 1262 447 1312 (4).
517 1263 632 1301 Unde
660 1264 900 1311 Xenophon:
944 1291 974 1308 ,,
993 1267 1037 1303 Ἡ
1067 1266 1219 1313 Σπάρτη

97 1333 237 1376 εἰκότως
255 1337 377 1374 πασῶν
397 1338 464 1374 τῶν
486 1335 622 1374 πόλεων
648 1338 755 1384 οέρετῇ
782 1336 960 1383 διαφέρει,
1002 1336 1088 1383 μόνη
1115 1337 1220 1384 δημο-

97 1404 159 1452 σίᾳ
179 1404 436 1448 ἐπιτηδεύουσαι
458 1407 522 1450 τὴν
554 1406 850 1454 καλοκαγαθίαν”
877 1405 961 1452 (5).

147 1470 315 1519 Apparet
352 1471 496 1520 igitur,
536 1485 631 1521 quae
669 1473 910 1521 potissimum
945 1473 1059 1511 fuerit
1094 1475 1217 1522 legum

95 1541 196 1589 apud
230 1540 410 1588 antiquos
447 1551 592 1580 natura.
648 1544 763 1593 Quod
797 1553 917 1581 autem
953 1545 998 1581 de
1028 1544 1220 1581 Romano-

97 1621 178 1647 rum
215 1619 251 1647 et
289 1596 667 1650 Lacedaemoniorum
694 1614 841 1661 legibus
865 1614 1106 1652 observatum
1134 1623 1220 1662 est,

97 1680 192 1717 idern
231 1681 276 1718 de
318 1690 519 1718 ceterarum
565 1682 799 1729 antiquitatis
845 1684 1012 1730 gentium
1055 1693 1091 1721 et
1130 1695 1220 1721 vero

98 1749 382 1797 Atheniensium
420 1751 566 1800 legibus
609 1754 716 1792 valet.
782 1753 944 1799 Vigebat
984 1754 1083 1801 apud
1118 1754 1220 1799 hos,

100 1817 250 1866 optimis
297 1829 396 1857 certe
438 1820 663 1869 reipublicae
713 1822 977 1869 temporibus,
1021 1835 1040 1859 a
1081 1823 1221 1860 Solone

100 1886 341 1926 confirmatus
368 1892 589 1938 Areopagus
607 1919 618 1934 ,
650 1902 744 1938 quae
768 1892 871 1928 curia
899 1885 1018 1928 totius
1044 1892 1220 1930 Graeciae

101 1956 317 2006 gravissima
342 1957 444 2005 fuit,
476 1960 734 2006 sanctissima,
769 1961 1017 1999 severissima.
1074 1961 1219 2010 Optimi

102 2027 246 2074 quique
272 2034 308 2064 et
329 2028 530 2076 justissimi
558 2023 694 2066 ciuium
724 2029 811 2066 olim
839 2030 876 2067 in
908 2026 1218 2080 Areopagitarum

1151 2113 1220 2139 nu-

145 2160 193 2201 (ι)
217 2159 383 2191 Plutarch.
404 2160 469 2190 1.1.
492 2172 520 2191 c.
543 2171 592 2192 12.

145 2213 198 2256 (α)
218 2213 383 2244 Plutarch.
404 2214 428 2245 Ι.
443 2214 465 2245 Ι.
488 2225 517 2245 c·
539 2225 570 2255 9.

148 2266 195 2306 (ὃ)
220 2266 387 2298 Plutarch.
408 2267 433 2298 l.
447 2268 470 2298 Ι.
493 2278 522 2299 c.
537 2279 587 2309 27.
622 2267 674 2298 Cf.
699 2267 851 2308 Xenoph.
867 2269 1000 2311 deRep.
1018 2272 1138 2302 Laced*
1150 2282 1222 2312 οη.

149 2319 386 2362 (4)‚P1utarch.
409 2320 432 2351 l.
446 2321 470 2352 l.
492 2331 522 2353 c.
535 2321 585 2352 31.

148 2373 195 2416 (5)
220 2373 374 2417 Xenoph.
394 2377 433 2406 de
453 2377 538 2417 Rep.
562 2376 682 2407 Laced.
704 2386 732 2406 e.
750 2386 801 2406 ιο.
