1492 2896
271 267 317 311 34
665 262 984 312 olsomsrrro

271 373 459 410 vindicare
494 371 565 409 sibi
600 371 843 409 conabantur.
898 372 948 408 At
993 383 1080 408 vero
1117 370 1169 409 nti
1209 371 1379 420 phiioso-

273 441 358 489 phia
384 452 453 477 nos
481 451 693 489 praeparare
712 440 782 478 dici
813 449 937 487 potest
959 442 1002 478 ad
1030 450 1161 478 rectam
1191 441 1381 480 invenien-

272 511 353 549 dam
381 510 497 556 viam,
526 521 598 557 qua
622 509 826 547 libertatem
853 509 963 547 nobis
990 512 1161 548 moralem
1192 509 1377 547 vindicare

273 580 465 630 possimus
503 589 538 616 et
573 581 783 628 προπαιδεία
819 579 995 626 quaedam
1036 578 1187 624 haberi,
1227 580 1283 615 vel
1323 576 1376 614 sic

272 660 395 688 tamen
416 650 525 687 altius
546 649 699 686 tendunt
718 647 909 696 religionis
927 647 1159 686 Christianae
1174 655 1381 695 praecepta.

275 720 332 759 Ea
358 719 443 757 item
471 719 678 756 summatim
706 719 955 766 exploremus.

327 788 602 836 Philosophiam
643 788 783 837 igitur,
825 800 897 836 qua
932 789 1077 826 alteram
1118 787 1188 825 sibi
1224 785 1383 834 reperire

276 860 489 907 religionem
529 858 749 896 videbantur
786 858 957 905 antiqui,
995 857 1094 904 apud
1131 867 1202 894 nos
1240 855 1384 903 excepit

275 929 406 977 religio
445 928 682 975 Christiana,
718 928 825 977 cujus
862 936 1054 976 praecepta
1082 929 1223 975 plenam
1249 935 1285 964 et
1305 937 1386 963 om-

276 999 389 1037 nibus
414 999 492 1037 suis
516 998 678 1037 numeris
713 998 921 1036 absolutam
958 997 1151 1035 continent
1186 997 1230 1034 de
1259 996 1386 1034 morali

277 1069 439 1107 hominis
462 1068 691 1117 perfectione
711 1067 927 1107 doctrinam.
964 1068 1025 1105 Ex
1049 1067 1107 1104 his
1130 1067 1250 1104 Deum
1272 1075 1386 1113 agno-

278 1139 416 1176 scimus
456 1148 627 1184 tanquam
664 1138 796 1175 summi
824 1138 910 1174 boni
936 1137 1031 1174 inter
1059 1135 1228 1174 homines
1259 1144 1387 1173 aucto-

279 1219 353 1246 rem
373 1235 385 1254 ,
423 1208 535 1245 nullis
573 1206 776 1244 obnoxium
813 1205 942 1250 vitiis,
974 1205 1283 1253 perfectissimum
1308 1215 1387 1241 om-

278 1278 368 1316 nino
395 1277 542 1315 virtutis
568 1285 604 1313 et
627 1275 838 1314 clementiae
865 1276 1076 1323 exemplar,
1110 1276 1202 1312 illud
1227 1275 1388 1321 denique

279 1347 455 1393 Numen,
478 1347 601 1394 quod,
630 1347 820 1384 humanam
840 1345 1054 1394 sapientiam
1075 1347 1185 1394 longe
1203 1347 1391 1394 longeque

281 1417 468 1465 superanti
490 1414 643 1463 imperio
668 1425 798 1453 cuncta
822 1415 1028 1464 gubernans
1044 1442 1056 1461 ,
1079 1414 1189 1453 bonis
1217 1425 1259 1452 se
1280 1415 1391 1452 bene-

267 1488 430 1531 ‚volum‚
458 1486 559 1523 malis
589 1487 745 1523 ultorem
775 1494 958 1533 praestare
979 1487 1089 1524 solet.
1143 1487 1196 1524 At
1221 1484 1393 1534 agnosci-

281 1568 363 1593 mus
393 1557 503 1593 simul
541 1556 689 1593 humani
734 1556 878 1604 generis
923 1555 1134 1604 pravitatem
1183 1565 1393 1603 quantaque

267 1626 352 1664 ‚Dei
388 1625 665 1663 benevolentiae
697 1637 779 1663 cum
817 1626 854 1662 in
894 1627 1002 1664 hacce
1034 1635 1111 1662 tum
1138 1625 1174 1662 in
1197 1627 1309 1663 altera
1330 1625 1391 1663 illa

282 1696 357 1734 vita
380 1696 592 1734 debeamus.
636 1696 859 1743 Cogitabam
882 1696 1025 1743 antiqui
1049 1696 1266 1743 philosophi
1292 1695 1390 1733 facili

284 1777 322 1803 se
349 1768 462 1813 opera
479 1794 489 1812 ‚
519 1767 631 1802 modo
659 1766 829 1802 virtutem
859 1767 1091 1812 coluissent,
1120 1775 1208 1814 post
1235 1775 1390 1804 mortem

283 1843 461 1872 aeternam
508 1832 718 1871 felicitatem
771 1844 1068 1881 consecutur053
1112 1834 1286 1882 quocirca
1323 1837 1393 1873 sust

283 1904 421 1941 virtute
454 1904 524 1942 nisi
560 1904 597 1941 in
631 1906 726 1941 vitae
760 1904 854 1941 bene
876 1914 975 1942 actae
998 1904 1224 1942 conscientia
1246 1915 1390 1942 omnem

285 1986 385 2011 suam
420 1973 565 2012 futurae
601 1975 695 2012 vitae
733 1986 835 2022 spem
873 1974 1114 2022 reponebant.
1179 1975 1263 2012 Nos
1300 1975 1393 2011 hanc

286 2045 393 2082 unice
414 2057 433 2082 a
459 2045 526 2082 Dei
553 2045 805 2082 benevolentia
827 2054 861 2081 et
882 2044 1096 2082 liberalitate
1114 2052 1393 2091 exspectamus,

287 2125 408 2161 neque
443 2115 527 2151 uilis
562 2116 619 2151 vel
655 2115 804 2162 optimis
841 2116 980 2152 nostris
1015 2115 1243 2153 facinoribus
1271 2115 1394 2152 merita

288 2184 449 2221 tribuere
471 2186 631 2221 solemus
656 2184 739 2234 (ι).
804 2185 875 2221 Est
908 2185 1017 2233 huius
1048 2185 1282 2233 potissimum
1311 2196 1394 2233 erga

1331 2256 1400 2292 hn-

334 2323 381 2362 (ι)
408 2321 485 2352 vid.
511 2324 569 2352 imo
592 2323 631 2352 de
654 2333 688 2352 re
713 2323 743 2353 J.
770 2324 807 2353 H.
833 2323 1009 2360 S'cholten,
1038 2324 1136 2364 Dixq.
1164 2324 1202 2354 «le
1229 2325 1293 2353 Dei
1316 2334 1398 2363 erga

293 2378 380 2407 hom.
402 2387 509 2405 amore
526 2398 534 2412 ‚
563 2376 653 2417 Trnj.
675 2377 711 2405 ad
737 2378 798 2407 Ru.
822 2378 912 2408 1835.
935 2387 967 2416 p.
989 2377 1018 2408 4.
1046 2387 1117 2416 sqq.
