1492 2896
466 282 850 332 ORATIO.
1171 284 1225 335 17

83 404 527 472 ,Μαιὲνὶαῖίεηιιινη,
556 427 784 479 perpetuos
827 421 921 467 illos
963 423 1221 483 Theologiae

83 494 267 551 hostes,
298 513 382 543 uno
419 501 504 546 ictu
537 504 845 565 profligasti*).
936 508 1024 552 Nec
1075 524 1220 554 verum

81 586 287 637 tantum,
344 585 418 629 sed
462 594 501 631 et
555 588 713 634 bonum
756 598 813 635 tu¹
852 591 976 637 etiam
1030 594 1217 640 sectaris.

99 665 253 712 Audivi
300 675 342 713 te
396 671 620 729 aliquando
670 675 715 718 in
769 675 916 721 schola
979 677 1218 726 docentem.

95 748 164 794 De
194 752 344 810 pulcro
378 754 562 801 dicebas.
625 758 690 802 Nil
717 760 909 819 pulcrum
936 760 1017 806 nisi
1042 762 1216 810 bonum.

97 834 191 880 Hoc
231 839 369 884 multis
411 842 611 901 exemplis
648 858 697 888 ex
740 845 983 891 Homero
996 874 1009 901 ‚
1039 847 1218 893 Hora-⁴

96 919 204 974 tio,
237 921 492 982 Virgilio
535 928 698 986 petitis,
730 930 964 988 probabas,
1000 932 1218 978 ,Mirabar

93 1003 249 1061 ingenii
283 1007 343 1050 tui
383 1023 587 1065 acumen,
631 1013 850 1059 doctrinae
886 1015 1076 1074 copiam,
1120 1031 1217 1062 me-

70 1085 252 1132 ‚moriae
278 1091 553 1148 capacitatem
564 1111 576 1148 3
607 1095 682 1139 sed
718 1097 850 1156 magis
890 1098 1013 1143 etiam
1052 1100 1215 1158 gaude—

92 1170 191 1215 bam
225 1172 405 1232 Deoque
436 1177 592 1234 gratias
630 1180 832 1238 agebam,
864 1183 979 1239 quod
1004 1183 1065 1227 si'c
1090 1183 1215 1228 insti-

72 1293 74 1297 .
91 1261 307 1309 tuerentur
328 1266 368 1304 et
387 1271 743 1320 praepararentur
764 1265 890 1309 futuri
916 1267 1051 1311 nostri
1063 1267 1215 1327 Theo-

89 1339 196 1399 logi:
228 1356 326 1387 nam
356 1346 621 1402 praeclarum
653 1363 720 1393 me
740 1348 1019 1409 Sospitatoris
1054 1352 1212 1397 dictum

88 1425 278 1472 subibat:
323 1432 365 1472 si
407 1434 518 1488 quis,
555 1437 783 1490 voluerit,
827 1440 951 1494 quod
977 1441 1083 1492 ille,
1129 1443 1211 1497 qui

71 1527 159 1557 .me
204 1515 354 1568 misit,
403 1519 527 1570 vult,
563 1521 759 1573 facere,
817 1522 858 1561 is
897 1523 953 1563 de
996 1525 1210 1566 doctrina

87 1612 189 1639 mea
229 1609 472 1654 agnoscet,
530 1610 688 1646 utrum
730 1620 785 1646 ex
815 1605 917 1647 Deo
958 1608 1043 1660 sit,
1089 1617 1209 1651 ana

86 1697 155 1724 me
187 1684 286 1738 ipso
316 1686 496 1741 loquar.

109 1758 113 1763 ⁸
144 1765 356 1820 Audistis,
388 1768 615 1835 AA.HH.{
649 1771 741 1827 quis
770 1772 823 1816 sit
854 1787 1074 1830 germanus
1100 1775 1208 1819 Phi..

13 1903 15 1905 Ι
84 1848 313 1908 losophus,
342 1851 427 1895 imo
456 1867 556 1897 vero
591 1853 749 1898 vidistis
781 1871 899 1911 eum3
947 1872 1025 1901 nec
1057 1859 1204 1903 dubito

82 1932 194 1989 jam,
226 1934 327 1991 quin
359 1936 479 1981 facile
521 1937 623 1981 mihi
662 1939 965 1995 assentiamini,
998 1943 1202 2001 optimum

75 2144 79 2147 -
124 2123 158 2163 *)
183 2120 259 2155 Vid-
283 2123 325 2154 V.
339 2122 390 2153 Cl.
420 2125 566 2163 Bijdrage
595 2129 642 2155 tot
672 2127 706 2155 de
729 2126 936 2164 besckouwing
958 2137 1016 2156 van
1037 2128 1071 2156 de
1092 2137 1202 2156 waar-

39 2176 44 2180 ⁴
82 2177 148 2217 heio}
171 2179 222 2208 der
241 2179 440 2219 menschelzjke
462 2181 583 2216 kannis,
629 2181 662 2209 in
698 2182 960 2221 chcnlcsclzrfften
981 2192 1041 2211 van
1063 2184 1097 2211 dc
1118 2184 1202 2212 dcrde

88 2231 183 2261 classe
203 2243 265 2262 van
285 2234 334 2264 het
355 2236 435 2263 Kon.
457 2235 577 2264 Nederl.
602 2237 714 2265 Instit.
738 2236 779 2266 V.
845 2235 937 2265 Cous.
962 2237 1058 2276 ejusd.
1082 2237 1124 2267 V.
1148 2236 1198 2266 CI:

73 2287 196 2317 stratio
217 2299 285 2318 over
309 2290 341 2319 de
363 2290 705 2330 Ρνι’κ1ςεῖὸαανῖιείᾰ,,Ρ.
720 2291 759 2321 30
781 2301 852 2331 sqq-

998 2360 1025 2399 2
