1492 2896
307 240 699 284 PHILOSOPHICO
713 262 729 270 -
742 236 1049 278 HISTORICA.
1191 247 1239 284 77

131 356 386 398 inculcandum
429 363 464 391 et
509 362 598 390 vero
641 348 814 388 disertius
860 345 1120 395 exponendum
1161 352 1242 382 est:

132 432 208 468 sine
235 429 316 466 veri
342 428 505 474 rectique
531 433 656 460 amore
682 420 788 458 nulla
815 427 867 456 est
895 416 1046 455 moralis
1070 414 1240 454 libertas.

137 501 246 546 Age,
272 498 394 535 denuo
424 494 513 533 illud
537 505 555 529 e
579 492 731 529 Platone
757 488 974 526 delibemus.

186 566 428 606 Sermonibus
463 575 546 601 cum
581 560 745 607 Gorgia,
778 553 894 603 Ροῐο,
939 555 1093 594 Callicle
1125 552 1171 591 acl
1203 550 1247 589 fi-

136 636 324 679 nemdfere
353 632 542 684 perductis
559 660 572 678 ,
602 630 775 670 miserum
805 626 879 665 sibi
905 636 987 663 eum
1014 621 1132 662 videri
1156 620 1248 660 dicit

135 707 174 745 in
198 706 344 756 Gorgia
364 704 510 752 dialogo
536 700 733 746 Callicles,
762 696 827 746 qui
848 705 972 734 coram
993 692 1141 743 judice,
1161 690 1249 728 licet

136 777 312 815 innoxius
327 804 340 824 ,
363 784 483 822 neque
512 770 659 810 sibimet
682 768 754 817 ipsi
782 778 903 814 neque
929 764 1010 804 aliis
1033 772 1251 801 succurrere

135 847 290 887 dicendo
319 853 354 883 et
379 841 547 883 auxiliari
578 840 715 889 possit.
769 838 870 876 Tum
892 847 982 875 vero
1007 833 1060 872 sic
1082 833 1161 872 fere
1175 833 1249 872 So-

135 926 276 956 crates:
303 943 326 962 „
342 913 438 952 Mihi
462 912 607 961 quidem
622 910 665 957 ‚”
691 908 842 957 inquit,
874 906 944 956 „is
965 905 1114 943 minime
1137 903 1249 942 miser

137 998 218 1025 esse
231 985 403 1030 videtur,
428 983 492 1031 qui
512 992 633 1029 neque
652 980 827 1018 adversus
849 976 1020 1015 homines
1045 985 1166 1022 neque
1185 973 1250 1011 ad-

136 1067 268 1095 versus
283 1055 386 1093 Deos
404 1052 534 1101 injusti
556 1050 648 1099 quid
669 1050 729 1088 vel
749 1047 881 1087 dixerit
901 1055 1064 1094 unquam
1086 1044 1146 1082 vel
1166 1054 1250 1092 per·

135 1124 347 1175 petraverit.
405 1123 487 1161 Hoc
516 1121 658 1159 scilicet
691 1119 749 1169 aj0
780 1115 1137 1166 praestantissimum
1167 1123 1250 1150 esse

135 1194 342 1242 auxilium,
380 1193 483 1241 quod
517 1191 589 1230 sibi
627 1188 724 1228 ferre
750 1188 864 1225 horno
896 1193 1033 1234 queat,
1068 1192 1111 1223 ut
1144 1182 1249 1221 nullal

135 1266 310 1315 pallescat
335 1265 462 1312 culpa.
515 1262 636 1310 Ipsam
661 1259 757 1298 enim
779 1264 934 1296 mortem
958 1266 1068 1293 nemo
1095 1252 1247 1303 sapiens

136 1334 376 1381 reformidat3
409 1334 546 1383 injusta
570 1317 663 1369 ⁷ver0
693 1328 854 1367 facinora
879 1325 1123 1373 reformidat,
1151 1335 1246 1374 quo-

138 1418 217 1444 rum
252 1415 391 1454 poenas
425 1401 532 1440 novit
565 1408 652 1450 post
680 1407 836 1437 mortem
874 1398 981 1436 etiam
1007 1407 1089 1435 esse
1115 1406 1250 1435 conse·

92 1476 94 1479 ’
137 1486 302 1514 cuturas.
377 1474 568 1511 Summum
620 1469 717 1507 enirn
767 1467 932 1506 omnium
971 1468 1149 1506 malorum
1192 1476 1249 1505 est

137 1545 258 1584 animo
295 1544 398 1582 vitiis
431 1543 572 1591 repleto
606 1540 652 1577 ad
683 1538 822 1577 inferos
856 1537 1055 1587 migrare.”
1107 1537 1250 1575 Inserta

138 1625 216 1654 tum
241 1614 448 1654 narratione
474 1614 519 1651 de
543 1611 669 1649 futura
690 1609 894 1647 animorum
919 1608 1119 1657 posthanc
1134 1606 1248 1645 vitam

137 1685 349 1724 conditione
372 1685 491 1731 deque
514 1681 654 1731 J‘udicio
682 1679 719 1717 in
747 1678 877 1717 inferis
901 1678 1133 1716 instituendo
1148 1705 1161 1725 ‚
1193 1676 1248 1714 sic

140 1756 259 1803 pergit
297 1756 493 1792 Socrates:
544 1751 664 1799 „Ego
708 1749 844 1796 igitur,
889 1759 912 1784 0
947 1746 1144 1793 Callicles,
1188 1745 1247 1783 his

141 1823 410 1862 narrationibus
438 1822 544 1860 fidem
570 1819 688 1858 habeo
714 1827 750 1856 et
774 1817 958 1866 dispicio,
992 1817 1059 1864 qul
1084 1815 1130 1853 ad
1150 1816 1250 1865 judi-

140 1905 217 1934 cem
243 1893 382 1932 veniam
404 1892 524 1930 animo
547 1901 654 1937 quam
682 1887 878 1933 sanissimo
908 1894 1077 1924 ornatus.
1114 1886 1247 1934 Itaque

140 1965 263 2002 missis
302 1961 471 2015 humanis
510 1959 746 2006 honoribus,
781 1959 979 1996 veritatem
1016 1955 1247 2005 respiciens,

138 2034 304 2072 conabor
330 2044 369 2070 re
395 2042 501 2079 vera,
530 2031 652 2077 quoad
677 2036 837 2078 potero,
877 2027 1016 2076 optime
1046 2034 1083 2064 et
1120 2027 1248 2065 vivere

138 2114 202 2148 et,
239 2103 303 2141 ubi
345 2102 505 2147 moriar,
546 2099 652 2138 mori.
722 2098 913 2137 Cohortor
946 2106 1066 2135 autem
1101 2103 1244 2137 ceteros

139 2186 291 2222 quoque
323 2184 450 2210 ornnes
468 2200 480 2217 ‚
519 2170 641 2218 quoad
675 2180 856 2217 possum,
893 2176 929 2205 et
956 2178 1045 2205 vero
1073 2176 1109 2205 te
1135 2168 1243 2206 etiam

141 2244 304 2284 vicissim
331 2243 509 2280 cohortor
530 2241 574 2279 ad
595 2242 732 2278 hancce
755 2239 867 2278 vitam
885 2266 898 2287 ‚
925 2239 969 2276 ad
990 2239 1105 2276 hocce
1127 2247 1243 2279 certa-

141 2325 251 2362 men,
292 2325 330 2351 ut
365 2313 478 2362 magis
516 2324 586 2350 esse
619 2322 727 2358 quam
762 2308 881 2349 videri
915 2308 1003 2346 boni
1043 2306 1242 2347 videamur.

1163 2379 1246 2417 Par=
