1492 2896
781 262 840 307 48

248 395 522 442 constantiam
556 402 597 440 et
632 395 755 441 fidem
788 410 939 455 presso
972 399 1081 458 pede
1109 401 1361 458 sequamini,

245 481 285 518 et
314 472 473 518 virtutis
503 472 682 518 studium
711 473 780 532 pie
810 473 855 517 in
884 473 1005 519 vobis
1037 476 1256 523 excitetur!

297 550 405 595 Nulli
432 565 532 595 sane
566 551 610 594 in
639 550 759 595 vobis
795 550 922 596 hodie
955 553 1154 598 ornandis
1188 554 1352 600 desunt.

241 626 327 686 Ipsi
355 627 475 671 huius
503 627 617 672 urbis
648 626 944 685 Magistratus,
977 627 1209 676 Maioribus
1240 631 1353 678 haud

238 704 483 758 dissimiles,
514 703 765 750 Academiae
797 713 967 750 nostrae
1000 706 1352 754 condecorandae

237 781 348 838 quali
367 782 544 840 flagrent
573 781 712 826 studio
736 781 1050 833 ardentissimo,
1081 784 1247 829 abunde
1269 785 1354 830 do-

235 865 301 902 cet
329 858 491 902 festum>
510 858 641 902 hocce
673 859 872 904 seculare.
934 861 1078 917 Neque
1106 861 1194 906 Vos
1221 875 1355 907 orna-
1384 886 1387 889 <

234 950 280 979 re
306 943 549 979 recusarunt
581 936 652 981 illi.
712 936 981 995 Magistratus
1014 936 1139 994 igitur
1169 936 1352 982 Rheno-

234 1013 459 1057 Traiectini
498 1013 665 1059 nomine
699 1021 740 1058 et
780 1015 1024 1058 auctoritate
1041 1046 1054 1067 ,
1091 1014 1194 1059 haec
1229 1015 1352 1060 vobis

230 1093 506 1133 numismata
536 1108 682 1133 aurea
722 1090 838 1134 collis
871 1090 1101 1148 suspendo.
1191 1090 1350 1135 Monile

230 1175 401 1226 pectore
435 1168 590 1225 geritis.
662 1167 819 1212 Sedulo
854 1167 954 1212 illud
992 1167 1213 1222 tueamini,
1258 1169 1347 1212 Pa-

229 1244 357 1297 triae,
388 1252 428 1288 et
454 1245 574 1289 huius
596 1245 713 1289 urbis
736 1260 885 1289 causae
910 1245 1204 1298 addictissimi,
1234 1261 1347 1302 qua-

226 1321 286 1365 les
315 1336 389 1365 vos
412 1321 674 1380 praestitistis
701 1322 827 1366 armis
853 1337 932 1380 pro
959 1322 1094 1381 patria
1119 1322 1340 1380 gerundis!

282 1398 355 1442 Sic
380 1399 547 1456 quidem
574 1407 742 1457 pactum
765 1399 913 1443 iniistis
937 1413 1030 1442 cum
1049 1400 1216 1452 Patria,
1245 1399 1340 1444 Re-

221 1475 393 1533 ligione,
428 1475 582 1520 Codice
611 1476 657 1522 S.
747 1477 834 1520 Nos
863 1477 961 1520 item
993 1477 1096 1520 illud
1123 1477 1337 1532 ineamus,

222 1552 311 1596 Viri
332 1553 599 1598 Doctissimi!
672 1554 739 1598 En
767 1558 933 1597 dextra
962 1554 1168 1611 fidesque!
1230 1555 1335 1600 Eam

219 1629 341 1673 vobis
377 1628 542 1684 offero,
572 1631 778 1689 Discipuli
809 1631 1086 1675 dilectissimi!
1120 1646 1204 1675 non
1240 1646 1334 1676 meo

216 1713 375 1750 tantum
422 1706 615 1761 nomine,
672 1707 747 1752 sed
803 1708 1113 1766 Theologorum
1152 1709 1334 1754 Rheno-

217 1782 552 1827 Traiectinorum
577 1791 617 1828 et
644 1783 824 1828 Senatus
841 1786 1095 1830 Academici.
1155 1787 1203 1830 ln
1228 1801 1333 1832 nos·

214 1866 281 1903 tro
311 1859 471 1905 Ordine
504 1860 709 1919 receptis,
741 1861 906 1919 publice
941 1862 1072 1905 Vobis
1110 1862 1330 1907 amicitiam

212 1944 398 1981 nostram
438 1935 577 1982 offero
595 1970 606 1992 ,
640 1945 899 1995 vestramque
930 1939 1052 1983 nobis
1083 1940 1287 1985 tribuatis.

267 2090 389 2135 Faxit
428 2092 486 2135 ita
526 2092 666 2145 Deus,
716 2099 761 2136 ut
799 2093 908 2146 Vos,
964 2108 1041 2151 per
1087 2093 1325 2139 diuturnam

212 2167 332 2210 vitam
387 2169 615 2225 prudenter
671 2172 897 2212 malorum
942 2187 1066 2212 more
1126 2171 1324 2215 excolatis

209 2245 469 2303 disciplinam
508 2246 840 2290 sanctissimam!
916 2247 1062 2303 Vigeat
1095 2247 1321 2292 Academia

209 2321 647 2368 Rheno-Traiectum!

654 2393 862 2408 web-
