1492 2896
395 208 1032 248 INTRODUCTIQ
1243 224 1266 260 7

165 318 268 356 etiam
312 318 467 368 maJ'ores
509 317 720 364 orirentur,
763 328 798 355 et
843 318 1058 366 gravissima
1091 318 1262 357 existeret

163 384 364 434 confusi03
393 386 458 423 sed
484 395 652 434 tanquam
678 386 772 424 malo
795 388 1002 424 necessario
1020 398 1060 425 ea
1084 388 1259 426 utendum

161 465 242 493 esse
262 466 419 503 censeo,
447 464 483 493 et
504 467 588 493 cum
614 465 773 505 systema
806 466 991 503 nunquam
1024 456 1225 505 perfectum
1246 486 1258 505 ‚

158 524 406 572 omnibusque
439 525 518 564 suis
555 525 716 563 numeris
750 525 961 563 absolutum
1000 526 1078 563 fieri
1108 527 1257 574 possit,

156 592 235 632 non
266 594 376 632 nimis
414 594 519 633 anxie
559 595 648 633 vitia
679 594 777 633 illius
819 596 1022 642 quaerenda
1060 607 1168 643 esse,
1223 605 1260 634 et

156 673 340 713 praestare
353 665 467 712 adeo,
497 665 618 712 quoad
645 664 724 702 fieri
748 665 895 713 possit,
921 664 1071 713 antiqua
1104 665 1258 703 retinere

154 745 264 780 quam
301 734 467 781 quotidie
488 736 689 783 innovare3
717 745 797 772 narn
832 735 1036 784 Zoologiae
1062 735 1254 782 studium,

153 812 351 852 systemate
383 804 619 852 adhibendo,
660 804 803 842 facilius
839 804 984 852 quidem
1004 833 1017 852 ,
1058 816 1133 842 non
1165 816 1254 842 vero

151 872 332 911 difficilius
359 874 579 913 reddendum
612 884 682 914 est.
722 876 857 923 Negari
895 875 1040 922 quidem
1075 885 1151 912 non
1186 887 1254 923 po-

156 952 254 990 test,
292 953 452 993 systema
491 945 547 982 his
602 944 923 983 immutationibus
951 946 1065 992 magis
1095 946 1139 983 ad
1172 956 1255 993 pera

151 1011 288 1052 fectum
323 1015 491 1051 accedere
521 1023 708 1062 systema,
758 1016 821 1052 sed
854 1015 919 1052 alia
960 1024 1015 1052 est
1055 1014 1251 1062 quaestio,

151 1092 238 1119 num
274 1082 364 1120 utile
395 1083 445 1120 sit
475 1091 533 1120 tot
557 1094 686 1131 genera
706 1083 838 1122 facere.
891 1085 989 1122 Cum
1015 1085 1107 1121 enim
1133 1092 1254 1132 syste-

149 1163 206 1189 ma
232 1152 388 1190 maxime
411 1163 454 1189 eo
491 1153 691 1200 inserviat,
721 1162 762 1191 ut
798 1153 962 1190 animalia
996 1153 1140 1190 facilius
1175 1154 1251 1190 dis-

149 1220 356 1270 tinguamus
375 1250 387 1269 ,
415 1223 500 1260 haec
524 1222 662 1260 utilitas
684 1230 762 1260 tota
783 1231 926 1268 cessat,
949 1222 981 1259 si
1005 1233 1148 1269 semper
1170 1234 1252 1258 mu-

144 1301 269 1329 tantur
316 1300 379 1330 aut
412 1303 542 1340 genera
582 1300 645 1330 aut
678 1303 804 1329 eorum
845 1291 1021 1337 nomina,
1078 1300 1114 1328 et
1149 1303 1251 1329 suam

147 1361 307 1409 quisque
343 1362 562 1410 peculiarem
590 1362 698 1399 habet
725 1361 1062 1399 classificationem.
1109 1385 1111 1387 -

196 1431 296 1468 Haec
324 1431 436 1479 igitur
460 1443 575 1478 quum
600 1443 677 1468 mea
704 1431 780 1477 sit,
810 1430 868 1467 his
890 1431 934 1466 (le
954 1430 1089 1475 rebus,
1107 1438 1251 1466 senten-

143 1500 220 1545 tia,
269 1512 376 1538 suum
415 1501 552 1548 cuique
592 1509 711 1537 tamen
751 1499 930 1549 judicium
969 1499 1247 1546 relinquendum

141 1580 223 1607 esse
255 1570 446 1608 existimo.

190 1639 366 1686 Superest
399 1648 440 1677 ut
474 1652 588 1688 pauca
614 1640 787 1687 quaedam
823 1650 1078 1686 praemoneam
1108 1640 1153 1676 de
1177 1640 1250 1676 Le·

137 1707 336 1759 pidopteris
369 1710 509 1746 nostris
531 1721 734 1756 eorumque
763 1708 1058 1746 elassificatione.
1116 1709 1179 1745 Uti
1211 1710 1249 1745 in

139 1786 221 1814 toto
243 1778 447 1816 animalium
477 1790 589 1826 regno
606 1805 618 1824 ,
635 1787 672 1815 et
700 1777 907 1825 praesertim
938 1777 976 1814 in
997 1769 1151 1814 'insectis
1167 1806 1180 1824 ‚
1201 1777 1250 1816 ita

138 1846 470 1895 Lepidopterorum
510 1848 720 1885 difficillima
758 1856 814 1884 est
846 1846 1113 1893 classificatio,
1138 1847 1251 1895 quip-

136 1927 183 1963 pe
229 1927 321 1962 quae
370 1917 614 1964 maximopere
662 1917 736 1954 sibi
791 1915 947 1954 invicem
996 1911 1247 1954 assimilantur

134 1986 303 2033 species,
332 1988 432 2033 quod
472 1987 617 2034 quidem
651 1986 933 2024 Boisduva]
981 1985 1137 2033 fatetur,
1181 1987 1241 2025 his

133 2056 275 2093 verbis:
306 2082 330 2102 ‚‚
368 2069 410 2094 en
434 2054 516 2105 effet
536 2084 549 2103 ,
595 2067 718 2093 aucun
742 2055 850 2092 ordre
876 2067 920 2092 ue
951 2067 985 2092 se
1002 2057 1109 2105 prete
1133 2058 1246 2094 moins

137 2152 161 2173 „
187 2139 264 2165 aux
276 2126 447 2165 divisions
467 2125 510 2163 de
531 2139 591 2164 nos
606 2124 796 2164 methodes.
828 2124 886 2161 On
905 2137 929 2173 y
951 2123 1135 2173 discingue
1159 2137 1244 2163 sans

120 2219 162 2242 0„
183 2197 287 2246 peine
323 2209 373 2233 zm
395 2194 525 2245 grand
556 2195 702 2234 nombre
735 2195 779 2233 de
815 2206 969 2246 groupes
1001 2197 1244 2233 caractdrise‘s

142 2291 163 2310 „
188 2274 260 2315 par
285 2278 353 2303 une
375 2266 631 2304 mssamblanca
649 2265 741 2304 dans
763 2265 795 2303 le
807 2274 918 2316 port,
936 2265 967 2302 le
988 2264 1123 2302 dessein
1143 2274 1177 2303 et
1196 2266 1245 2302 les

1107 2362 1129 2381 „
1159 2348 1243 2374 cou-
