1492 2896
251 250 638 292 PHILOSOPHICO
651 277 668 285 ·
681 254 763 295 HIS
773 255 993 298 TORICA.
1136 277 1182 312 53

64 361 201 410 σφόδρα
235 375 301 401 που
326 361 454 409 δόξειεν
479 363 525 402 ἂν
552 365 632 404 νέων
655 369 786 412 γε’κκὶ
810 371 962 414 ἀνοήτων
987 373 1171 419 ἀνθρώπων

65 431 268 478 διαφθορεὺς
309 428 426 471 εἴωθ’
457 431 540 480 (1).
572 456 622 465 —
684 436 830 483 Neque
857 438 1055 477 defuerunt
1084 442 1175 479 adeo

65 498 161 536 inter
183 498 413 547 legislatores
434 500 634 549 antiquos,
673 504 747 551 qui.
761 508 941 552 praeclare
968 509 1073 547 factis
1100 512 1178 549 suis

64 567 325 615 ostenderent,
365 575 502 617 quanta
540 571 811 611 existimatione
847 576 946 623 leges
989 579 1112 618 haberi
1155 593 1175 618 a

60 635 210 676 civibus
253 639 419 688 vellent3
465 641 666 689 Zaleucum
707 642 792 680 dico
839 654 874 682 et
922 648 1174 689 Charondam.

58 704 164 744 Illius
191 706 287 745 enim
318 720 434 756 „cum
457 709 556 747 filius
578 711 746 749 adulterii
772 715 926 753 crimine
950 717 1143 757 damnatus
1162 747 1175 764 ,

58 778 260 816 secundum
288 777 352 825 jus
377 778 423 816 ab
454 779 540 828 ipso
564 783 810 821 constitutum
827 812 839 830 ‚
875 794 1035 833 utroque
1062 790 1173 826 oculo

55 856 179 885 carere
215 846 366 886 deberet
401 860 442 886 ac
474 859 551 887 tota
585 851 715 890 civitas
756 852 793 890 in
837 855 1016 893 honorem
1057 860 1172 906 patris

56 918 199 964 poenae
232 918 488 956 necessitatem
529 921 807 960 adolescentulo
840 926 1069 973 remitteret,
1108 929 1173 966 ali-

54 987 231 1033 quamdiu
252 988 499 1036 repugnavit:
539 991 582 1027 ad
610 991 802 1040 ultimum,
836 995 1010 1041 precibus
1038 1000 1172 1045 populi

53 1055 230 1103 evictus,
252 1068 324 1095 suo
350 1059 479 1105 prius,
510 1060 641 1098 deinde
669 1061 734 1098 filii
760 1065 872 1101 oculo
900 1076 1032 1112 eruto,
1059 1079 1166 1106 usum

49 1124 199 1164 videndi
233 1127 383 1173 utrique
418 1129 583 1176 reliquit.
591 1130 615 1145 ’'
667 1131 835 1170 Ulterius
873 1135 977 1171 etiam
1016 1147 1167 1182 proces-

48 1195 145 1234 sisse
176 1195 295 1235 fertur
328 1198 576 1245 Charondas,
614 1201 679 1247 qui
715 1202 794 1249 lege
821 1212 1028 1252 statuerat,
1061 1216 1165 1253 „ut

49 1267 83 1303 si
109 1265 195 1313 quis
218 1267 421 1307 conciones
441 1280 526 1306 cum
549 1271 648 1307 ferro
674 1271 870 1319 intrasset,
900 1275 1082 1313 continuo
1111 1277 1166 1313 in·-

47 1335 541 1387 terficeretur.1nterject0
564 1340 693 1378 deinde
720 1351 915 1390 tempore,
950 1356 993 1381 ex
1019 1346 1166 1394 longin-

50 1417 127 1452 quo
159 1417 244 1443 rure
273 1407 394 1455 gladio
430 1408 576 1446 cinctus
620 1411 770 1449 domum
807 1424 1009 1462 repetens,
1037 1417 1165 1454 subito

47 1475 186 1514 indicta
213 1476 420 1524 concione,
448 1478 546 1516 sicut
579 1489 655 1517 erat
693 1481 730 1518 in
764 1495 840 1520 eam
874 1486 1080 1531 processit:
1117 1488 1163 1524 ab

5 1546 9 1550 '
48 1555 195 1593 eoque,
223 1549 286 1594 qui
313 1548 481 1595 proxime
507 1550 751 1597 constiterat,
788 1555 933 1592 solutae
958 1568 977 1592 a
1006 1568 1046 1594 se
1070 1558 1163 1606 Legis

47 1626 137 1653 suae
163 1617 354 1654 monitus:
390 1617 491 1654 Idem
527 1631 590 1667 ego
620 1620 756 1667 illam,
790 1621 943 1670 inquit,
967 1629 1131 1663 sanciam
1146 1643 1161 1676 ‚-

47 1695 87 1721 ac
123 1685 296 1732 protinus
335 1685 464 1734 ferro,
499 1690 603 1735 quod
628 1690 811 1739 habebat,
845 1695 1023 1732 destricto
1057 1698 1161 1734 incu-

45 1753 156 1790 buit”
175 1754 259 1803 (α).

94 1824 136 1861 In
164 1824 287 1872 legum
326 1834 445 1864 autem
480 1828 579 1874 apud
614 1830 790 1876 antiquos
818 1832 1038 1870 auctoritate
1062 1834 1159 1883 diju-

36 1891 194 1946 -dicanda
219 1893 312 1930 ratio
338 1905 480 1932 morum
505 1896 686 1944 imprimis
714 1909 769 1936 est
796 1900 986 1948 habenda,
1006 1888 1158 1952 'quippe

41 1973 60 1999 a
81 1961 219 2009 quibus
238 1963 421 2010 pendebat
444 1977 597 2012 prorsus
621 1969 742 2015 legum
768 1968 1016 2014 observantia.
1045 1974 1156 2013 Haud

1065 2056 1155 2082 con·

81 2134 132 2176 (ι)
157 2136 240 2168 mat.
261 2137 285 2168 ι.
308 2137 332 2168 ι.
352 2148 386 2177 p.
406 2138 459 2169 53.
482 2139 521 2170 c.

82 2200 129 2241 (2)
152 2198 266 2232 valer.
286 2202 419 2234 Maxim.
442 2203 518 2236 Lib.
541 2205 605 2236 Vl.
629 2218 656 2238 c.
678 2208 708 2238 5.
734 2212 765 2250 5.
792 2210 821 2239 5.
835 2212 898 2247 ,4
930 2213 1152 2243 Referasitem

43 2261 79 2281 eo
98 2264 178 2294 quae
203 2255 242 2285 de
269 2255 438 2294 disciplina
463 2258 564 2288 milita
568 2261 597 2288 ri
623 2260 656 2289 in
684 2262 828 2292 Postumi
850 2263 1012 2303 luberti,
1034 2266 1151 2296 Manlii

43 2302 198 2346 Torquati
217 2307 418 2349 aliorumque
440 2311 553 2348 factis,
578 2311 662 2352 apud
684 2313 845 2346 Romanos
866 2316 1043 2356 imprimis,
1067 2319 1117 2349 ide
1114 2331 1152 2351 tu

43 2362 155 2390 auctor
175 2361 293 2400 tradit,
316 2361 394 2393 Lib.
418 2364 464 2394 ΙΙ.
487 2375 517 2395 c.
539 2375 570 2404 7
