1492 2896
252 258 297 303 ‘98
652 248 974 302 nisouistrto

601 598 1028 645 CAPUTH‘.

371 750 648 777 EXPLICATUR
679 749 838 784 RATIO,
868 750 952 786 QUA
982 748 1258 776 VINDICATUR

646 821 741 848 cns]
770 821 993 847 LIBERTAS.

609 978 738 1017 Πόλις,
766 977 799 1011 ἐν
815 975 1009 1019 §saciata-‘m
1024 979 1055 1012 οἱ
1069 979 1215 1012 πολῖται
1231 979 1306 1017 τοῖς
1321 978 1378 1012 216-

571 1049 647 1077 μοις
669 1037 860 1075 πείθονται,
885 1036 919 1070 ἐν
944 1036 1049 1078 εἰρήνῃ
1070 1049 1109 1070 τε
1124 1036 1249 1077 ἄρισται
1262 1035 1375 1078 διάγει

573 1096 630 1126 καὶ
645 1092 679 1126 ἒν
695 1093 833 1135 πολέμῳ
849 1092 1090 1133 ἀνυπόστατός
1106 1092 1212 1126 ἐστιν.

861 1154 1010 1184 Socrates
1033 1164 1083 1192 ap.
1108 1152 1262 1191 Xenoph.

311 1294 456 1363 Attigi
478 1325 614 1362 supra,
634 1326 747 1361 quum
771 1314 814 1350 de
836 1313 1054 1351 auctoritate
1069 1313 1241 1362 agebam,
1267 1324 1376 1360 quam

259 1385 407 1433 legibus
445 1384 601 1422 Veteres
638 1384 759 1420 deberi
801 1384 1082 1429 existimarunt,
1120 1393 1252 1420 arctam
1283 1394 1376 1430 quae

261 1455 454 1493 intercedit
480 1455 600 1501 legum
630 1456 769 1490 cultum
800 1454 894 1490 inter
918 1462 952 1490 et
974 1454 1114 1501 probos
1138 1452 1273 1490 civium
1296 1465 1378 1491 mo-

262 1537 319 1562 res
353 1525 688 1569 necessitudinem,
727 1533 766 1560 nt
802 1523 846 1560 ab
888 1523 945 1560 his
983 1524 1079 1560 illam
1119 1523 1278 1571 pendere
1304 1533 1376 1561 sta-

263 1604 417 1634 tuerem.
472 1595 585 1632 Nunc
625 1604 742 1631 autem
778 1593 813 1630 id
850 1593 997 1640 plenius
1031 1601 1085 1629 est
1119 1591 1375 1640 explicandum

261 1677 305 1703 ex
332 1665 423 1713 ipsis
448 1664 619 1711 antiquae
647 1663 820 1701 Politicae
848 1662 1041 1710 principiis
1069 1663 1375 1708 docendumque,

262 1746 334 1781 qua
363 1733 503 1771 ratione
541 1733 616 1770 ficri
657 1732 802 1780 possit,
841 1742 881 1769 ut
907 1733 1050 1780 legibus
1076 1733 1240 1769 colendis
1265 1732 1378 1770 liber-

260 1812 316 1840 tas
343 1803 480 1840 civitati
513 1802 746 1846 vindicetur,
778 1803 877 1848 quod
907 1803 1025 1849 ipsum
1059 1802 1244 1839 Historiae
1269 1802 1378 1839 testi-

261 1873 388 1910 monio
414 1885 580 1910 seorsum
610 1873 789 1919 probetur
817 1881 982 1919 oportet.
1023 1872 1106 1920 Qua
1131 1882 1248 1908 tamen
1277 1871 1313 1909 in
1339 1883 1378 1909 re

261 1954 334 1979 non
361 1944 408 1980 ita
437 1943 638 1988 versabor,
669 1953 709 1979 ut
736 1953 818 1978 cum
848 1942 1061 1988 pulvisculo
1091 1940 1211 1978 onmia
1237 1942 1377 1977 exhau-

260 2013 348 2049 riam
390 2023 593 2059 omnesque
632 2011 788 2049 examini
830 2012 1041 2048 submittam
1080 2010 1246 2048 civitates
1282 2011 1377 2047 anti-

263 2093 367 2128 quas.
422 2081 542 2127 Nam,
588 2090 841 2129 praeterquam
882 2083 983 2127 quod
1007 2080 1044 2117 id
1072 2081 1168 2117 haud
1197 2081 1374 2128 postulari

263 2151 459 2198 proposita
483 2151 700 2200 quaestione
726 2151 896 2195 videtur,
927 2159 1051 2188 vetant
1073 2161 1120 2187 ne
1138 2151 1180 2187 ad
1200 2149 1375 2187 amussim

262 2232 334 2257 rem
370 2220 534 2267 exigam,
571 2232 654 2259 cum
692 2221 869 2257 arctiores
899 2219 1217 2257 commentationis
1252 2219 1372 2262 fines,

262 2298 337 2326 tum
365 2301 453 2327 vero
483 2290 587 2328 etiam
624 2290 738 2338 (qnid
774 2292 866 2326 enim
901 2300 1025 2336 negem
1042 2289 1084 2336 ἲ)
1119 2288 1253 2327 virium
1280 2301 1375 2327 mea-

261 2370 340 2396 rum
378 2360 550 2397 tenuitas,
620 2359 804 2404 Accedit,
840 2361 943 2406 quod
971 2360 1090 2407 ipsum
1119 2367 1373 2406 argumentum

1298 2438 1375 2466 non
