1492 2896
254 256 298 302 73
643 246 959 303 DISQUISIT'IO

250 363 355 402 Parvi
380 360 492 409 igitur
520 360 697 414 ducamus
729 361 920 400 hominum
946 371 1017 401 tam
1051 363 1358 402 existimationem

251 443 359 481 quam
374 429 700 478 vituperationem.
734 432 874 470 Ducem
892 432 1128 471 adhibeamus
1151 433 1330 471 rationem
1344 460 1359 481 ‚

251 512 292 540 ut
320 501 501 551 justitiam
528 507 761 549 ceteramque
800 511 1012 540 exercentes
1042 503 1243 551 virtutem,
1279 512 1360 542 tum

250 573 419 610 vivamus
447 580 525 609 tum
560 571 892 622 moriamur”(1).

300 641 354 679 Ita
394 640 695 689 philosophando
727 641 821 679 viam
863 641 910 680 ad
944 643 1118 680 moralem
1154 642 1360 682 libertatem

249 712 322 751 sibi
357 721 520 749 sternere
554 721 758 758 coeperunt
791 711 962 760 antiqui3
989 722 1060 751 nos
1080 721 1171 751 vero
1195 723 1269 750 rem
1295 713 1362 751 ali-

251 783 350 821 unde
394 781 554 831 petimus
601 792 669 819 nec
715 793 845 821 sumus
889 782 1132 831 philosophia
1177 782 1358 821 content-i.

251 853 360 903 Quae
392 852 538 899 quidem
572 852 717 890 diversa
755 853 848 890 ratio
884 860 1012 891 nostra
1042 854 1087 891 ab
1122 853 1361 901 antiquorum

250 921 433 961 sententia
472 922 640 959 idoneam
680 922 855 971 praebere
888 922 1074 962 materiem
1106 923 1283 971 videtur,
1316 923 1362 961 de

251 1005 322 1041 qua
346 995 418 1043 jam
446 993 562 1029 altero
593 993 678 1029 loco
712 1000 854 1040 agatur.

747 1128 781 1176 §-
819 1145 857 1170 2.

277 1266 336 1304 De
359 1266 478 1305 varia*
491 1293 504 1312 ,
530 1278 642 1315 quam
668 1275 702 1303 et
728 1267 880 1315 antiqui
896 1265 1099 1317 philosophi
1125 1266 1334 1304 secutisunt

377 1344 412 1373 et
447 1348 508 1374 nos
537 1338 727 1387 sequimur
751 1334 806 1372 ad
827 1335 1003 1372 moralem
1029 1334 1128 1373 nobis
1155 1336 1236 1374 vin·

515 1404 713 1443 dicandam
744 1405 981 1450 libertatem,
1008 1404 1093 1443 νίἄ.

302 1538 522 1576 vindicatur
569 1538 678 1576 nobis
725 1538 871 1575 moralis
918 1537 1068 1575 libertas
1115 1549 1135 1574 e
1181 1537 1361 1576 sententia

248 1608 480 1656 antiquitatis
509 1609 765 1659 philosophia,
799 1619 819 1645 e
862 1609 994 1645 nostrat
1032 1607 1108 1645 Dei
1141 1607 1246 1644 cultu
1281 1606 1361 1645 sive

250 1679 426 1729 religione
451 1680 534 1727 (ε).

301 1749 449 1798 Religio
484 1749 582 1796 apud
609 1747 784 1795 antiquos
811 1747 1069 1785 continebatur
1100 1746 1256 1784 maxime
1283 1754 1361 1784 tum

250 1818 384 1857 ritibus
410 1830 449 1855 ac
475 1817 706 1855 caerimoniis
723 1845 736 1862 ‚
765 1825 843 1854 tum
872 1815 1101 1864 mytholog'ia
1125 1817 1203 1854 sive
1224 1813 1362 1852 fabulis

253 1889 298 1926 de
331 1889 414 1927 Diis
451 1888 709 1934 Deabusque‚
754 1886 934 1934 imprimis
966 1886 1022 1923 uti
1061 1886 1157 1935 apud
1183 1884 1360 1924 Ovidium

250 1969 425 2005 exstant,
465 1970 617 2004 quarum
649 1958 822 2004 quaedam
852 1955 1112 2004 philosophiae
1143 1954 1363 1996 et⁴Ethicae

253 2031 341 2067 adeo
371 2037 564 2077 praecepta
591 2028 796 2064 tradebant.
849 2025 987 2064 Iccirco
1015 2037 1092 2063 non
1120 2024 1277 2062 habebat
1307 2035 1363 2061 re-

251 2100 342 2147 ligio
384 2109 458 2147 quo
501 2098 704 2136 cultiorum
751 2096 944 2134 hominum
995 2095 1140 2132 animos
1185 2095 1360 2143 expleret.

1276 2163 1364 2211 My-

295 2234 344 2272 (1)
369 2231 452 2262 Plat.
481 2232 579 2270 Gorg.
601 2241 634 2269 p.
656 2229 730 2261 522.
753 2229 790 2259 C.
815 2228 853 2257 ad
879 2229 935 2257 fin.
956 2227 1032 2257 dial.

298 2285 347 2324 (ι)
371 2284 421 2314 De
450 2283 508 2313 hac
538 2286 573 2312 ut
601 2282 762 2312 libertatis
793 2281 921 2310 moralis
951 2280 1076 2311 vindice
1112 2278 1191 2310 Vid.
1223 2279 1274 2310 Cl.
1304 2289 1362 2310 vau

258 2337 383 2368 neusde
399 2358 408 2374 ,
435 2339 565 2367 Socer-tt.
590 2336 731 2371 School,
761 2334 836 2364 Vol.
863 2335 910 2365 Η.
933 2345 966 2372 p.
992 2335 1059 2374 ¹93·
1082 2344 1153 2373 sqq.
