1492 2896
215 257 276 301 26
581 254 969 300 ORATIO.

215 404 340 436 nemo
363 396 544 435 vestrum
568 396 649 441 est,
681 389 752 446 qui
780 403 865 432 non
891 389 1129 449 perspiciat.
1182 390 1331 435 Theo-

213 477 360 535 logus,
393 474 465 532 qui
512 473 623 518 idem
665 473 718 517 sit
761 489 982 532 germanus
1021 473 1331 534 Philosophus,

211 574 299 604 non
339 559 493 618 gaudet
531 559 726 602 inanibus
766 572 816 602 ac
851 557 1037 602 futilibus
1070 558 1333 616 quaestioni-

208 645 313 697 bus,
344 644 496 701 quibus
538 642 797 701 Theologia,
829 642 958 687 eheu!
991 658 1016 686 a
1055 643 1194 687 multis
1232 642 1331 689 olim

203 743 291 773 non
322 736 472 773 ornata
509 728 614 783 fuit,
645 728 720 773 sed
748 736 936 772 onerata.
1009 728 1078 772 Ad
1114 742 1332 773 sacrorum

204 814 472 873 Scriptorum
495 814 729 872 exemplum
754 813 846 857 illas
881 827 1049 867 omnes,
1076 811 1219 870 quoad
1244 813 1332 872 ejus

204 897 361 943 nostris
403 897 667 956 temporibus
695 897 786 942 fieri
818 905 981 957 potest,
1011 897 1175 941 silentio
1201 911 1333 956 prae-

207 983 332 1037 terit,
372 997 479 1040 quae
516 983 659 1035 bona,
691 997 798 1039 quae
836 981 951 1026 utilia
990 982 1073 1026 sint
1110 988 1331 1041 spectans,

206 1082 397 1125 quaeque
425 1067 600 1111 tendant
628 1067 683 1110 ad
713 1066 928 1110 hominem
952 1066 1256 1109 consolandum
1290 1072 1331 1110 et

207 1158 537 1213 emendandum3
596 1172 694 1200 nam
733 1156 898 1200 ducitur
938 1155 1005 1200 ille
1039 1156 1142 1199 boni
1172 1155 1327 1201 studio.

203 1243 405 1297 Accedit,
438 1242 554 1299 quod
577 1242 689 1299 justo
721 1241 1014 1298 concinnaque
1053 1240 1202 1285 ordine
1236 1240 1332 1285 Re-

201 1327 371 1386 ligionis
399 1328 555 1387 placita
584 1327 732 1380 tradit,
760 1342 810 1371 ex
838 1341 923 1370 uno
949 1325 1090 1370 omnia
1116 1325 1329 1370 deducens

201 1413 439 1472 principio,
486 1420 532 1456 ut
565 1412 626 1455 sic
663 1412 827 1455 illorum
862 1426 990 1455 nexus
1027 1417 1195 1470 pateat,
1235 1425 1329 1455 me-

199 1497 362 1554 liusque
403 1495 709 1555 perspiciatur,
742 1510 831 1540 esse
870 1509 1016 1539 revera
1054 1493 1328 1553 Euangelium

198 1578 363 1636 δύναμιν
394 1584 500 1624 Θεοῦ
525 1580 578 1627 εἷς
607 1581 801 1636 σωτηρίαν
828 1579 955 1624 mim
992 1579 1050 1636 τῷ
1077 1581 1327 1624 πιστεύοντι.

201 1663 348 1721 Quid?
380 1664 495 1721 quod
530 1671 570 1708 ct
608 1665 758 1722 pulcro
798 1663 964 1717 studet3
1026 1678 1124 1706 nam
1161 1663 1328 1707 ducitur

201 1749 327 1800 etiam
356 1748 490 1807 pulcri
522 1763 679 1793 amore.
777 1749 1008 1792 Aversatur
1042 1747 1169 1804 igitur
1200 1746 1328 1791 steri-

201 1834 284 1878 lem
314 1841 354 1878 et
383 1833 564 1891 jejunam
595 1832 836 1877 dictionem.
899 1833 1128 1876 Aversatur
1165 1831 1330 1875 obscu-

203 1933 296 1963 ram
350 1917 463 1962 illam
514 1917 681 1962 dicendi
747 1915 1043 1973 scribendique
1091 1915 1324 1969 rationem,

202 2019 286 2062 qua
312 2003 500 2047 nonnulli
526 2004 568 2047 in
600 2005 854 2046 Germania
883 2000 1083 2060 gaudent,
1116 2001 1171 2044 ad
1197 2015 1325 2058 quam

202 2103 302 2134 vero
334 2089 647 2147 intelligendam
683 2087 888 2146 Oedipo
928 2100 1035 2144 opus
1060 2085 1131 2128 sit.
1235 2085 1324 2128 Ne-

200 2188 281 2231 que
307 2181 448 2218 tamen
478 2173 654 2218 sublime
687 2178 830 2230 captat
864 2168 1031 2213 dicendi
1062 2183 1212 2226 genus,
1245 2183 1322 2213 nec

199 2260 337 2304 multis
378 2259 581 2303 orationis
612 2256 836 2302 luminibus
880 2255 1137 2312 floribusque
1177 2254 1322 2299 delec-
