1492 2896
791 245 846 289 54

267 387 365 424 runt
395 377 578 423 indicare
610 378 813 435 majores,
843 377 938 422 Jcti
973 393 1083 431 esse,
1114 379 1248 438 legum
1287 376 1367 421 vim

267 462 308 500 et
341 461 588 514 potestatem
626 461 762 498 mente
799 462 963 506 tenere,
992 462 1031 498 et
1067 470 1113 498 ex
1155 453 1370 511 analogica

266 531 368 588 juris
403 530 562 594 ratione
599 545 648 588 'ea
693 530 866 592 definire
901 545 1026 590 posse
1068 545 1174 588 quae
1216 530 1373 589 legibus

266 607 434 652 definita
463 594 576 652 haud
601 606 889 667 reperiuntur,
921 621 970 651 ac
999 607 1136 653 dicere
1165 606 1265 665 quid
1291 620 1372 651 na-

267 682 454 728 turaliter
480 683 632 741 justum
663 684 732 729 sit.

325 759 472 805 Fidem
516 768 629 805 tuam
674 760 929 805 adstrinxisti
974 767 1020 805 ut
1062 758 1194 818 togati
1234 759 1373 804 militis

267 843 410 896 partes
443 837 624 882 mascule
655 837 892 882 sustineres.
977 837 1209 882 Voluerunt
1235 836 1375 896 majo-

267 926 360 965 res,
390 919 435 956 ut
478 912 599 957 datae
634 921 911 973 acceptaeque
952 914 1049 958 fidei
1089 914 1228 972 aliqua
1268 921 1376 959 esset

267 996 448 1043 tessera,
478 990 652 1035 annulus
684 1005 857 1046 aureus3
904 990 1016 1035 hunc
1040 990 1165 1049 igitur
1192 990 1237 1035 in
1266 990 1377 1048 digi-

267 1074 352 1110 tum
387 1066 580 1126 recipias.
668 1068 856 1112 Firmum
897 1068 952 1112 sit
991 1075 1031 1112 et
1063 1068 1374 1120 indissolubile,

266 1158 351 1200 quo
378 1151 419 1187 te
449 1142 573 1188 hodie
603 1143 798 1188 Themidi
827 1144 1001 1196 vovisti,
1053 1150 1373 1189 sacramentum.

321 1217 408 1263 Sed
445 1218 730 1264 intellexerunt
769 1220 950 1277 majores
989 1221 1121 1264 solam
1160 1218 1376 1264 doctrinae

264 1295 561 1353 praestantiam
595 1295 680 1339 veri
713 1295 892 1339 nominis
916 1295 1028 1340 JCto
1059 1295 1171 1340 haud
1204 1296 1376 1348 suffice-

266 1385 324 1415 re.
385 1371 536 1415 JCtum
562 1371 771 1416 hominem
798 1372 861 1416 sui
886 1371 988 1429 juris
1017 1387 1106 1432 esse
1136 1373 1376 1429 voluerunt,

262 1446 608 1504 Antiquissimum
657 1448 859 1492 libertatis
907 1448 1067 1507 insigne
1113 1449 1247 1508 pileus
1295 1457 1373 1496 est.

261 1523 482 1567 Jusserunt
528 1523 655 1581 igitur
691 1524 873 1580 majores
917 1533 961 1569 ut
1006 1525 1049 1570 in
1087 1526 1225 1581 illius,
1267 1542 1374 1585 quae

261 1598 371 1643 JCto
398 1600 573 1658 propria
603 1615 691 1644 esse
723 1601 870 1654 debet,
897 1602 1100 1647 libertatis
1121 1603 1284 1661 signum
1310 1605 1375 1662 jus

263 1674 360 1732 pilei
393 1675 628 1733 acciperet3
659 1677 716 1721 ita
744 1678 871 1736 capiti
899 1686 970 1723 tuo
1005 1679 1155 1738 pileum
1183 1679 1372 1741 impono.

263 1750 354 1796 Hoc
378 1750 539 1797 honore
565 1754 810 1813 accipiendo
835 1762 976 1800 sancte
998 1756 1230 1815 promittis,
1262 1771 1375 1802 nun-

265 1842 390 1883 quam
429 1829 542 1882 fore,
601 1837 646 1874 ut
680 1833 741 1876 vel
780 1832 986 1889 quantivis
1020 1833 1233 1878 commodi
1259 1850 1374 1895 spe,

263 1903 324 1947 vel
365 1904 463 1948 mali
499 1906 780 1966 cujuscunque
817 1916 956 1963 metu,
1007 1925 1057 1954 eo
1093 1910 1298 1965 (lucaris,v
1330 1921 1376 1957 ut

264 1979 379 2035 quod
398 1980 551 2038 justum
572 1997 682 2038 esse,
713 1986 838 2030 semel
859 1987 950 2045 ipse
974 1987 1248 2044 judicaveris,v
1266 2004 1375 2049 pro-

264 2069 450 2114 pugnare
480 2058 659 2105 desinas.
719 2061 864 2119 Itaque
891 2063 1010 2109 hicce
1035 2065 1173 2110 honos
1198 2066 1375 2122 efficiat,

265 2138 309 2174 ut
337 2146 503 2191 semper
537 2137 665 2180 menti
696 2145 791 2182 tuae
827 2139 1072 2185 obversetur
1107 2150 1290 2188 veterum
1320 2144 1377 2189 il.-

264 2208 360 2263 lud3
419 2209 716 2258 inaestimabile
744 2215 901 2266 bonum
934 2224 1017 2270 est,
1045 2233 1166 2263 suum
1197 2235 1300 2267 esse.

320 2284 459 2330 Noluit
494 2302 589 2332 vero
622 2291 912 2350 Amplissimus
945 2294 1078 2339 Urbis
1110 2295 1373 2354 Traiectinae
