1492 2896
609 253 659 294 61

87 387 267 441 adrvilia
283 386 389 430 adeo
418 392 456 431 et
483 384 669 443 abjecta,
702 399 808 442 quae
836 383 1091 444 philosopho
1115 384 1186 428 in-

87 464 209 522 digna
238 463 522 516 habebantur,
555 462 607 507 ad
642 477 708 507 res
742 461 1034 508 minutissimas
1067 476 1190 508 men-

86 548 168 587 tem
200 540 426 586 devocavit.

99 670 107 680 ..
126 617 257 675 Quid
290 618 462 662 autem?
521 617 613 663 Hoc
657 631 751 662 cum
795 625 956 676 ageret,
999 624 1192 662 tantusne

87 694 244 739 iccirco
273 694 337 740 vir
371 694 569 739 dicendus
607 702 691 749 est,
723 693 839 753 cujus
875 693 1045 753 vestigia
1083 694 1198 739 inte·-

92 787 165 831 ger
198 771 413 830 hominum
454 772 587 819 cultus
623 771 743 828 sequi
783 771 996 825 debuerit,
1042 771 1197 829 quique

91 837 238 909 typum
277 849 391 893 omni
425 863 645 907 germanae
684 848 976 908 philosophiae
1015 848 1198 907 impres-

93 926 222 982 serit?
252 949 304 964 .-
368 924 559 981 Scilicet,
590 926 733 979 A.A.,
764 925 877 982 quod
913 925 966 970 de
1000 925 1203 985 Hippo-

96 1009 236 1056 crate
282 1003 535 1046 affirmatum
574 1002 674 1055 fuit,
730 1003 782 1047 de
824 1003 1028 1047 Bacone
1070 1002 1203 1047 valet:

97 1079 579 1135 naturac‘loquebatur‚
619 1083 706 1122 non
735 1078 917 1123 hominis
955 1093 1071 1124 voce.
1132 1078 1242 1130 Sic„

102 1155 222 1201 enim·
237 1155 531 1215 philosophiae
557 1155 727 1199 exordia
751 1155 871 1200 facit:
903 1172 929 1200 «
947 1156 1100 1210 homo,
1126 1171 1208 1201 na·-

103 1240 222 1285 turae
255 1231 439 1277 minister
476 1239 517 1276 et
555 1233 786 1292 interpres,
834 1240 992 1278 tantum
1024 1234 1124 1278 facit
1170 1241 1212 1279 et

105 1308 321 1366 intelligit,
376 1315 575 1366 quantum
622 1310 673 1354 de
716 1316 890 1354 naturae
937 1310 1109 1364 ordine,
1164 1316 1212 1356 r'e

107 1385 333 1439 vel-mente
363 1385 674 1439 observaverit,
704 1400 782 1431 nec
810 1387 985 1446 amplius
1023 1387 1101 1432 scit
1141 1395 1212 1432 aut

108 1467 297 1522 potest.'’
355 1491 359 1494 -

170 1542 233 1584 lta
263 1541 480 1600 profecto,
519 1549 732 1598 tamquam
769 1541 1042 1590 Socrates
1088 1544 1216 1597 alter,

113 1617 184 1674 qui
217 1632 266 1661 ex
301 1618 418 1662 coelo
456 1617 499 1661 in
545 1625 700 1662 terram
734 1619 1047 1678 philosophiam
1085 1619 1218 1665 devo-

115 1694 222 1748 cavit
255 1701 295 1738 et
326 1695 434 1738 inter
462 1694 651 1739 homines
678 1696 835 1739 versari
862 1697 1018 1754 coiigit,
1040 1711 1088 1741 ex
1113 1697 1218 1742 orbe

114 1771 380 1832 phantastico
420 1773 555 1818 Baco
598 1773 652 1816 ad
683 1773 818 1832 ipsam
860 1781 1050 1818 naturam
1093 1775 1222 1819 redu-

118 1850 178 1901 xit
203 1850 408 1907 ingenium
436 1850 673 1894 humanum.
732 1850 892 1894 Novam
921 1858 1095 1908 uterque
1114 1851 1223 1896 viam

118 1929 163 1971 in
197 1927 278 1971 hoc
312 1934 430 1970 tanto
463 1941 592 1985 opere
621 1926 875 1985 perficiendo
908 1927 1087 1980 invenit,
1118 1943 1225 1985 quae

122 2019 215 2049 non·
257 2019 333 2063 per
373 2003 661 2062 syllogismos,
707 2003 781 2047 sed
823 2018 898 2062 per
944 2004 1225 2049 inductionem

124 2081 391 2141 procedebat.
479 2081 569 2124 Hac
612 2080 778 2137 quidem
824 2081 1036 2139 sophistas
1080 2082 1146 2126 ille
1188 2090 1231 2128 et

125 2157 409 2218 impugnavit,
465 2165 505 2201 et
538 2157 658 2211 vicit,
705 2158 1048 2204 scholasticorum
1093 2168 1228 2206 autem

129 2251 299 2288 vanam,
347 2243 390 2279 at
420 2235 612 2279 invictam
652 2236 816 2279 turham
857 2237 1129 2281 Verulam
1144 2238 1230 2292 ius

132 2313 293 2370 fugavit.
382 2312 486 2356 ilinc
526 2312 716 2356 nimirum
757 2314 947 2357 immensi
990 2314 1231 2360 recentioris
