1492 2896
435 580 895 596 *AJQW—

158 851 218 914 Si
262 863 316 908 ad
356 862 539 922 egregias
581 861 708 906 animi
746 862 989 916 facultates,
1038 861 1215 906 mentis-

94 956 178 999 que
208 939 329 985 dotes
361 940 632 993 attendimus,
662 939 830 992 nescio,
861 953 916 983 an
945 940 1057 986 nulla
1092 954 1142 984 ex
1170 954 1216 984 re

96 1017 302 1061 humanae
340 1025 512 1061 naturae
557 1017 812 1076 praestantia
846 1017 983 1075 magis
1027 1017 1211 1071 eluceat,

96 1109 222 1152 quam
256 1109 305 1139 ex
334 1094 479 1138 innato
513 1094 584 1137 illo
621 1100 660 1138 et
699 1092 817 1150 quasi
857 1092 1051 1137 divinitus
1091 1093 1214 1137 nobis

94 1171 221 1216 insito
255 1172 344 1216 veri
374 1171 560 1229 rectique
598 1185 763 1226 amore3
806 1185 951 1215 omnes
984 1171 1091 1215 enim
1121 1178 1215 1214 tra-

95 1248 233 1293 himur
272 1256 312 1294 et
348 1248 537 1293 ducimur
572 1248 626 1291 ad
671 1248 921 1307 cognitionis
950 1256 989 1292 et
1018 1248 1216 1292 scientiae

96 1325 366 1384 cupiditatem
383 1358 394 1379 ,
425 1326 467 1369 in
496 1342 578 1383 qua
605 1327 802 1370 excellere
828 1325 1050 1385 pulchrum
1087 1333 1216 1385 puta-

95 1419 203 1449 mus.
267 1404 383 1461 Quid
421 1404 568 1447 mirum
609 1405 662 1448 ab
703 1403 817 1447 omni
858 1419 961 1448 aevo
996 1404 1212 1449 doctrina-

97 1496 190 1525 rum
227 1482 406 1526 cultores
447 1488 570 1538 atque
608 1482 816 1540 sapientes
857 1497 1014 1540 magno
1050 1483 1095 1525 in
1132 1483 1214 1533 ho-

97 1572 199 1602 nore
236 1558 362 1602 suisse
397 1558 602 1601 habitos?
663 1558 809 1602 Honos
844 1559 952 1602 enim
994 1559 1065 1602 alit
1104 1566 1214 1603 artes

97 1648 322 1691 omnesque
343 1634 620 1678 incenduntur
641 1636 694 1678 ad
718 1635 853 1679 studia
876 1636 1027 1694 gloria,
1051 1637 1215 1693 jacent-

99 1725 180 1767 que
206 1726 253 1755 ea
287 1726 476 1769 semper,
512 1726 618 1767 quae
663 1712 774 1770 apud
818 1726 1009 1769 quosque
1046 1712 1214 1771 impro-

100 1787 264 1832 bantur.

156 1864 456 1909 Immoderatus
483 1879 580 1909 vero
606 1865 729 1909 animi
754 1866 881 1909 ardor
907 1874 1030 1924 atque
1058 1868 1214 1925 gloriae

96 1941 274 1998 §aviditas
297 1942 436 2001 plures
458 1942 584 1986 cheu!
617 1943 721 1986 adeo
744 1943 983 2001 impellunt,
1016 1948 1060 1987 ut
1086 1945 1213 1988 nimia

100 2018 324 2063 ambitione
358 2019 554 2063 commoti
590 2020 755 2063 oblatos
802 2020 985 2064 honores
1025 2022 1214 2066 modesto

99 2096 239 2140 animo
271 2096 380 2141 ferre
411 2110 496 2140 non
532 2096 720 2156 possint,
753 2105 792 2141 et
835 2097 888 2142 ad
934 2112 1082 2141 vanum
1121 2100 1213 2156 jac>-

98 2173 270 2217 tantium
296 2187 423 2231 genus
446 2173 622 2228 abeant,
654 2188 760 2231 quos
789 2175 944 2219 scilicet
973 2168 1108 2220 minus
1136 2191 1211 2221 τωο

98 2264 169 2294 rus
208 2250 401 2295 scientiae
446 2265 592 2305 amor,
638 2266 762 2309 quam
809 2252 911 2296 salsa
956 2252 1128 2298 honoris
1171 2262 1212 2298 et

97 2325 253 2384 gloriae
280 2327 450 2372 ambitio
486 2327 672 2374 incitant.
709 2353 757 2360 -
799 2328 910 2387 Quid
939 2337 1079 2376 autem
1114 2345 1212 2375 eru-
