1492 2896
327 254 714 298 PfflLOSOPHICO
732 283 748 291 -
759 260 841 302 HIS
848 262 1067 306 TORICA.
1190 284 1255 311 101

192 360 292 399 Haec
313 373 426 410 quum
454 364 504 402 sit
523 366 733 408 harmoniae
757 370 794 409 in
819 371 968 412 cIVitate
990 375 1254 428 bonorumque

141 439 285 467 morum
309 430 346 469 in
371 432 492 481 legum
516 437 789 478 observantiam
815 443 872 479 vis
896 454 934 481 et
959 445 1171 496 efficacitas,
1197 452 1252 488 vi-

134 498 284 537 deamus
312 513 388 548 quo
408 503 490 552 Jure
521 507 663 545 tandem
690 509 865 548 universo
891 515 1011 561 legum
1038 516 1073 554 in
1100 519 1250 559 civitate

131 568 391 608 cultucivilis
429 572 605 613 vindicari
643 576 791 616 libertas
825 580 899 618 dici
932 585 1068 630 possit.

179 638 303 677 Patuit
329 640 442 689 igitur
463 654 538 681 non
558 646 646 683 alias
672 657 753 685 esse
783 648 899 687 bonas
925 653 1123 701 Justasque
1145 659 1243 706 leges

127 707 298 747 dicendas
313 738 325 757 ,
340 711 412 749 nisi
430 724 522 760 quae
538 714 583 752 ad
598 724 748 755 naturae
764 719 855 767 legis
873 732 1038 762 normam
1054 736 1244 775 compara·

124 785 180 814 tae
192 777 281 817 sint.
305 779 406 819 Haec
420 783 515 821 enim
533 785 616 832 lex,
634 795 675 824 ut
687 788 847 827 divinam
864 791 1026 831 referens
1044 796 1241 846 originem,

122 847 327 894 perfectum
353 860 409 889 est
434 862 491 900 et,
513 854 576 892 cui
597 856 689 894 nihil
715 859 911 898 admodum
929 862 1053 910 deest,
1076 864 1240 915 boniju-

122 917 246 965 stique
270 922 467 968 exemplar.
533 924 661 973 Itaque
682 927 782 976 leges
805 929 841 966 in
867 930 1017 970 civitate
1040 946 1059 972 a
1087 945 1240 976 naturae

123 986 204 1034 lege
239 989 517 1040 distinguendae
554 995 700 1042 quidem
743 1007 859 1046 sunt,
896 1011 972 1039 non
1000 1015 1088 1042 vero
1114 1008 1239 1056 sejun-

119 1056 271 1102 gendae.
325 1059 473 1108 Quodsi
511 1073 634 1102 autem
674 1066 763 1105 haec
803 1069 985 1118 imprimis
1027 1075 1073 1113 de
1113 1079 1234 1126 legum

118 1134 248 1165 natura
270 1129 388 1176 qualis
416 1142 498 1170 esse
528 1133 656 1173 debeat
686 1144 905 1187 teneamus,
941 1142 1019 1180 fieri
1046 1145 1150 1184 aliter
1174 1149 1236 1187 vix

118 1204 268 1245 potest,
297 1200 388 1247 quin
415 1203 594 1241 continuo
620 1206 731 1244 nobis
757 1210 993 1250 manifestum
1013 1215 1084 1262 sit,
1110 1227 1232 1257 earum

117 1268 270 1305 servitio
305 1269 451 1310 civibus
488 1273 694 1314 libertatem
732 1281 936 1328 comparari
970 1293 1006 1321 et
1037 1287 1229 1327 vindicari.

117 1334 217 1374 Tum
245 1337 341 1377 enim
369 1340 466 1380 haud
489 1344 601 1382 dubie
626 1346 725 1395 leges
751 1359 821 1387 nos
846 1350 1026 1392 immunes
1049 1367 1237 1403 praestant

115 1416 234 1444 rerum
274 1410 464 1458 omnium,
513 1414 650 1462 quibus
697 1418 984 1468 prohibeamur,
1030 1426 1232 1471 quominus

112 1473 281 1514 vivamus
310 1487 346 1515 et
369 1489 545 1527 agamus,
572 1491 611 1520 ut
637 1485 817 1524 honestos
839 1489 942 1528 cives
969 1492 1087 1532 decet.
1128 1495 1230 1535 Velit

114 1544 298 1592 quispiam
335 1559 405 1586 nos
442 1551 581 1590 laedere
615 1555 673 1592 vel
699 1557 808 1594 nobis
841 1568 969 1599 nostra
1000 1559 1042 1600 vi
1062 1564 1226 1613 eripere,

114 1623 261 1660 praesto
292 1618 414 1656 statim
459 1630 547 1660 sunt
585 1624 709 1673 leges,
754 1639 847 1675 quae
888 1642 957 1679 pro
988 1634 1134 1683 justitia
1159 1648 1227 1676 sna

111 1682 204 1722 iilud
243 1685 459 1734 impediant.
517 1691 615 1730 Tum
656 1706 720 1742 par
755 1706 812 1733 est
843 1698 906 1746 jus
949 1704 1129 1742 omnium.
1186 1707 1225 1744 Si

111 1763 199 1790 vero
225 1765 259 1793 e.
290 1768 328 1804 g.
369 1759 603 1809 principibus
638 1763 675 1800 in
709 1765 858 1804 civitate
894 1768 985 1807 viris
1012 1783 1080 1818 pro
1102 1774 1226 1813 lubitu

108 1833 214 1870 agere
253 1836 336 1873 erga
378 1828 594 1869 humiliores
633 1835 833 1873 secundum
874 1838 972 1887 leges
1002 1840 1113 1889 licet,
1144 1853 1222 1883 tum

111 1902 178 1930 nec
210 1894 334 1943 justae
374 1907 461 1936 sunt
496 1899 595 1948 leges
634 1913 756 1950 neque
793 1907 865 1943 ulla
902 1917 958 1945 est
998 1910 1035 1947 in
1073 1913 1223 1952 civitate

107 1963 306 2011 aequalitas
343 1975 378 2004 et
414 1968 589 2018 libertas3
642 1983 862 2019 premuntur
899 1986 988 2015 vero
1027 1979 1218 2023 inferiore-s

108 2034 249 2081 quique
277 2036 407 2076 odiosa
430 2039 568 2078 civium
598 2042 806 2091 principum
833 2045 1045 2088 insolenti&

158 2104 295 2143 Verum
333 2107 428 2145 enim
468 2120 556 2147 vero
589 2110 775 2151 civitatem
807 2114 924 2164 fingas
953 2120 1102 2176 optimis
1132 2125 1223 2172 legi-

106 2172 177 2210 bus
211 2175 505 2226 justissimisque
542 2188 733 2230 utentem,
774 2185 890 2234 fingas
931 2200 1082 2237 quoque
1117 2194 1218 2232 cives

104 2246 326 2291 scrupulosa
350 2247 468 2295 legum
508 2250 743 2290 observmtia
772 2264 808 2292 et
835 2251 1039 2298 reve1'entia
1067 2261 1102 2299 in
1132 2275 1221 2311 qua-

103 2322 250 2361 cunque
280 2317 422 2354 tandem
461 2321 556 2360 vitae
591 2322 736 2361 actione
772 2329 1020 2367 communiter
1054 2333 1220 2381 ductos3

1160 2407 1219 2448 vel
