1492 2896
480 252 518 296 O
550 251 591 295 R
622 253 659 295 A
693 252 730 296 Τ
763 251 777 294 Ι
815 252 867 295 0.
1158 252 1210 292 ’ΞΒ

97 394 266 446 vissimo
312 393 437 438 animi
468 395 580 437 luctu
619 401 658 437 et
699 407 890 438 moerore
935 392 1204 450 depressum,

95 477 220 527 atque
257 469 309 514 de
351 470 464 517 omni
490 471 620 514 salute
649 470 969 528 desperantem,-
1003 475 1086 511 tam
1119 469 1202 511 im-

92 547 229 607 probe
262 547 538 600 consuluerit,
575 554 622 591 ut
654 561 741 590 non
770 546 898 589 modo
937 560 1061 589 omne
1089 545 1204 589 sola·-

92 632 270 669 menet
297 624 490 669 auxilium
519 624 602 683 ipsi
637 631 832 681 negaret,
873 637 1012 666 verum
1054 622 1203 674 etiam,

92 715 146 746 ne
181 701 260 746 sibi
292 702 501 746 molestias
536 708 724 754 crearet,
754 701 797 743 in
828 714 1038 743 carcerem
1065 699 1202 758 ipsum

91 778 342 824 includeret!
369 803 418 810 —
442 779 724 823 Veruntamen
739 784 835 822 sunt
862 784 901 821 et
914 777 1080 821 fuerunt
1107 776 1202 820 Me-

92 855 337 909 lancholici,
351 856 462 913 iique
484 871 570 900 non
596 856 747 915 pauci,
770 856 922 912 quibus
937 855 1041 898 haec
1063 854 1205 897 conti-

92 932 150 990 git
178 932 352 977 miseria
399 933 576 978 Morbus
598 932 705 976 enim
730 934 909 986 animum
936 938 976 974 et
998 930 1202 973 rationem

90 1010 224 1068 ipsam
244 1009 441 1068 deprimit
459 1041 473 1062 ,
503 1017 627 1067 atq-ue
652 1010 707 1053 ad
731 1009 1066 1067 desperationem
1086 1008 1204 1051 salu-

92 1085 146 1133 tis
170 1099 242 1132 eos
269 1085 446 1130 adducit
462 1103 474 1141 3
492 1100 598 1143 quae
613 1082 945 1129 commiseranda
965 1099 1202 1143 soz-sacer-

91 1162 222 1211 hitate
237 1162 360 1206 etiam
380 1162 597 1206 *hominum
615 1163 867 1220 ingravescit
885 1194 897 1215 ,
917 1169 1043 1218 atque
1059 1194 1070 1214 ,
1090 1162 1205 1218 quod

91 1240 225 1298 majus
242 1247 325 1291 est,
341 1247 545 1299 perpetua
575 1240 764 1284 redditur
779 1272 790 1293 ‚
804 1240 939 1283 donec
960 1238 1205 1300 misericor-

92 1316 159 1361 dia
196 1316 276 1360 Dei
307 1323 348 1361 et
382 1317 451 1361 isti
475 1317 665 1362 miseriae
693 1325 733 1361 et
755 1317 963 1374 iniquitati
988 1316 1202 1374 hominum

92 1400 226 1438 morte
267 1393 508 1453 eripiuntur.
553 1416 606 1423 —
655 1395 765 1438 ‘Nam
820 1394 934 1451 quod
984 1394 1038 1436 ad
1080 1394 1206 1436 animi

92 1485 326 1515 moerorem
362 1478 401 1515 et
426 1472 652 1515 cruciatum
672 1473 842 1524 ,fictum
877 1473 1054 1524 malum,
1089 1472 1206 1528 eujus

92 1547 342 1605 cogitatione
374 1563 489 1593 mens
533 1549 740 1603 afficitur,
787 1564 872 1593 non
906 1549 1041 1592 minus
1079 1565 1206 1605 grave

92 1633 179 1679 est,
220 1642 343 1683 quam
376 1642 517 1671 verum
552 1628 735 1678 malum,
783 1628 868 1670 imo
906 1642 1004 1671 vero
1038 1627 1205 1684 gravius

92 1717 181 1748 esse
218 1705 347 1757 solet,
380 1704 573 1761 quoniam
602 1706 844 1763 plerumque
885 1704 1053 1760 quidem
1092 1703 1208 1746 aeci-

94 1778 154 1822 dit
199 1809 224 1831 ·‚
252 1788 299 1824 ut
327 1782 449 1824 adid
485 1782 707 1840 ¹levandum
726 1814 737 1834 ‚
801 1796 936 1838 neque
979 1781 1207 1824 amicorum

93 1856 345 1912 colloquium
365 1890 377 1910 ‚
433 1872 567 1915 neque
613 1859 702 1916 ipsa
765 1858 995 1916 Religionis
1046 1857 1212 1916 placida

93 1932 251 1977 monita
296 1933 525 1991 quidquam
581 1937 769 1986 valeant,
823 1944 947 1991 atque
984 1949 1063 1978 una
1100 1935 1213 1982 salus

92 2010 273 2068 petenda
303 2012 355 2055 sit
382 2028 405 2056 a
430 2013 624 2071 prudenti
646 2027 746 2056 cura
777 2012 1090 2069 ¹atqnemedela
1116 2012 1211 2055 Me-

96 2087 205 2140 dici,
251 2089 400 2145 quibus
436 2097 574 2134 tamen
613 2091 801 2149 plerique
844 2090 1136 2134 melancholici
1175 2097 1213 2132 et

93 2165 275 2209 Maniaci
319 2175 473 2212 carent.
517 2169 614 2225 Quo
640 2175 773 2213 autem
817 2167 967 2211 diutins
993 2167 1070 2210 iste
1097 2181 1216 2210 mor-

94 2239 172 2288 bus
213 2242 401 2287 animum
435 2244 577 2301 afflig-it
603 2278 613 2296 ,
641 2258 693 2286 eo
722 2246 856 2302 magis
885 2245 1073 2288 redditur
1100 2244 1215 2287 insa-

95 2319 256 2363 nabilis,
