1492 2896
383 222 895 271 INTROITUS.
1182 250 1206 287 5

87 337 215 368 natura
248 330 433 370 hominem
471 344 552 373 esse
578 345 731 376 statuat.
806 339 893 378 Fuit
932 342 1004 382 hoe
1037 347 1202 385 naturale

83 398 245 437 hominis
269 402 458 450 studium,
488 417 564 451 quo
591 408 795 455 antiquitus
819 420 971 458 gentes,
991 415 1104 451 sacris
1119 414 1199 455 fes-

80 466 204 515 tisque
228 470 317 507 satis
344 473 509 511 excultae
525 503 538 521 ,
565 476 650 514 duci
671 479 716 516 ad
728 479 873 517 civilem
892 485 1194 524 communitatem

76 548 294 586 coeperunt.
316 540 469 581 Adsunt
487 545 645 592 primum
665 546 849 596 familiae,
872 562 967 598 quae
993 553 1107 600 patris
1132 567 1195 595 ve-

73 606 143 644 luti
155 608 335 658 principis
349 613 408 661 cuj
415 615 537 653 usdam
555 615 747 663 imperium
766 629 965 668 sequentes
980 634 1064 661 suas
1078 632 1191 672 quae-

73 687 147 723 que
172 679 280 717 aedes
307 680 498 730 habitant,
522 685 639 723 donec
667 688 792 734 plures
822 690 857 726 in
886 692 1041 730 eundem
1068 696 1190 733 locum

71 748 309 789 conveniant.
363 751 463 790 Tum
503 755 623 792 oritur
658 757 793 804 vicus,
838 772 857 796 e
892 762 1063 809 pluribus
1100 765 1191 804 vicis

70 815 162 854 urbs
176 819 260 868 (ι).
290 820 461 860 Familiae
480 832 600 861 autem
626 825 717 863 istae
739 829 849 866 simul
868 830 976 868 etiam
1002 844 1068 871 sua
1088 838 1188 872 sacra

68 884 247 936 afferunt,
272 889 466 937 instituta,
493 905 631 931 mores.
686 896 776 934 Inde
796 900 1008 938 communis
1033 902 1071 939 in
1088 914 1189 942 nova

67 956 218 996 civitate
245 961 368 999 cultus
392 963 562 1002 Deorum
581 992 594 1010 ,
632 967 842 1006 communia
878 969 961 1007 inde
990 971 1185 1020 instituta,

66 1027 282 1067 communes
312 1031 400 1069 item
429 1033 527 1080 leges
553 1034 635 1083 (2).
692 1037 746 1074 Ita
775 1048 896 1077 autem
915 1068 927 1086 ‚
958 1041 1186 1090 singularum

65 1096 235 1135 moribus
257 1106 293 1136 et
322 1099 507 1140 institutis
532 1104 719 1153 receptis,
755 1109 969 1147 coalescunt
994 1112 1117 1151 tribus
1151 1123 1187 1151 et

62 1164 245 1214 familiae,
275 1177 318 1206 ut
345 1181 453 1208 unam
483 1181 629 1220 gentem
647 1203 659 1221 ‚
691 1187 804 1214 unum
831 1181 1013 1227 populum
1031 1210 1043 1228 ‚
1074 1194 1183 1221 unam

61 1236 221 1285 denique
248 1239 436 1277 civitatem
461 1241 601 1280 efficere
625 1243 819 1293 incipiant.
876 1248 978 1287 Tum
1004 1252 1100 1289 enim
1127 1265 1183 1291 sa-

59 1306 132 1344 cris
152 1307 259 1354 istis,
281 1309 419 1357 quibus
436 1321 539 1350 antea
556 1315 735 1364 conjungi
754 1319 1029 1364 quodammodo
1046 1334 1180 1370 coepe-

61 1384 165 1423 runt,
185 1378 231 1415 ad
247 1390 323 1416 eam
345 1381 568 1428 perveniunt
592 1385 920 1435 conjunctionem,
945 1401 1040 1436 quae
1056 1393 1177 1440 legum

59 1454 231 1485 constare
257 1451 477 1490 auctoritate
500 1462 707 1493 censeatur.
776 1457 899 1496 Vetus
938 1469 1057 1499 autem
1086 1463 1179 1501 illud

59 1515 138 1554 sive
172 1529 317 1557 sacrum
358 1520 546 1559 vinculum
588 1534 708 1562 manet
741 1528 918 1575 quidem,
949 1531 1014 1568 sed
1035 1542 1178 1572 novum

58 1586 137 1627 sive
163 1588 359 1636 politicum
389 1591 484 1628 haud
513 1593 644 1631 minori
669 1596 703 1632 vi
728 1606 763 1633 et
786 1597 996 1637 efficacitate
1017 1603 1169 1641 accedit.

58 1656 158 1695 Tum
193 1659 378 1698 exsistunt
416 1662 567 1701 comitia
600 1674 636 1701 et
665 1664 815 1713 forum,
856 1677 932 1706 tum
962 1680 1111 1709 senatus
1138 1683 1177 1714 et,

57 1727 182 1774 curia,
209 1737 286 1767 tum
306 1730 441 1779 singuli
462 1735 650 1771 communi
669 1736 831 1774 civitatis
854 1750 986 1778 causae
1007 1744 1173 1783 consiliis

56 1794 240 1845 factisque
263 1802 508 1839 communiter
529 1806 726 1843 consulere
750 1817 870 1844 amant
896 1807 977 1856 (3).
1029 1812 1178 1853 Verum-2

57 1874 177 1904 tamen
195 1895 208 1913 ‚
248 1871 349 1915 quod
384 1872 569 1920 egregium
593 1883 649 1911 est
678 1878 777 1923 apud
799 1878 990 1916 Platonem>
1016 1880 1053 1917 in
1081 1882 1175 1924 Pro,-

55 1939 206 1984 tagorea
239 1938 283 1975 de
315 1940 536 1979 Prometheo
579 1953 614 1980 et
652 1945 877 1992 Epimetheo
905 1948 1031 1988 fabum
1055 1953 1173 1996 moni-

57 2012 160 2054 tum,
203 2017 243 2045 ut
280 2007 383 2047 firma
414 2010 473 2047 illa
508 2013 556 2055 sit
591 2024 630 2052 ac
666 2015 810 2057 stabilis
840 2017 977 2058 civium
1011 2023 1174 2071 conjun-.

1090 2102 1172 2131 eno,

69 2160 74 2167 ’
95 2149 146 2192 (1)
169 2151 221 2183 Cf.
245 2153 383 2185 Aristot.
407 2155 484 2188 Lib.
499 2156 522 2187 l.
545 2161 574 2195 §.
593 2158 703 2197 4-8.‚
727 2162 851 2202 ‚quique
877 2175 949 2199 eum
962 2171 1088 2200 secutus
1102 2178 1173 2204 esse,-

59 2203 183 2238 videtur
201 2205 274 2238 Cic.
296 2209 333 2238 de
356 2210 417 2249 Qff.
444 2209 520 2240 Lib.
545 2212 578 2247 1.
597 2223 624 2243 c.
650 2223 699 2253 17.

103 2255 152 2294 (2)
174 2257 256 2290 Plat.
280 2261 318 2291 tle
332 2263 433 2302 Legrg.
456 2263 533 2294 Lib.
557 2264 621 2296 ΙΙΙ.
642 2277 677 2305 p·
699 2267 770 2298 681.
797 2269 913 2301 A.-C.

104 2310 158 2351 (5)·
174 2312 249 2345 vid.
277 2314 328 2345 cl.
351 2325 409 2347 van
432 2316 558 2348 Heusde
571 2340 579 2356 ,
603 2318 626 2347 l.
642 2320 666 2350 l.
686 2331 720 2360 p.
736 2322 784 2352 16.
801 2333 876 2367 sqq..
