1492 2896
803 257 830 296 8

268 401 380 432 mum
417 386 597 445 graviter
628 400 890 430 commovere
923 393 1124 444 possent,
1174 386 1375 446 adspectu

267 464 338 508 illo
367 463 534 521 erigor,
578 462 842 519 animumque
881 478 1041 507 summo
1084 464 1235 520 gaudio
1276 479 1376 522 per—

267 540 387 584 fundi
413 539 574 593 sentio,
606 554 732 597 quum
768 540 1036 584 Academiam
1075 547 1261 584 nostram
1303 555 1380 599 per
1445 532 1447 535 Α

268 616 354 661 duo
385 617 549 661 saecula
581 615 660 662 Dei
694 616 854 675 Optimi
885 616 1054 661 Maximi
1090 617 1376 662 benevolentia

269 708 292 737 e
332 700 395 737 tot
434 694 628 753 periculis
670 708 755 738 non
799 694 927 738 modo
962 701 1168 738 servatam
1204 693 1379 752 conspi-

269 785 364 816 cere
396 771 544 824 liceat,
603 785 743 815 verum
777 771 861 828 jam
897 770 1002 815 adeo
1041 772 1278 823 florentem,
1333 778 1379 814 ut

274 848 426 906 insigni
451 863 550 892 sane
570 849 762 905 juvenum
789 849 1073 906 egregiorum,
1092 848 1275 892 omnium
1291 846 1381 891 dis-

268 924 513 982 ciplinarum
555 925 694 968 studio
736 925 1060 983 praestantium,
1091 939 1266 969 numero
1307 939 1382 968 ex-

271 1002 389 1046 cellat
405 1033 417 1054 ,
442 1001 500 1045 ita
525 1002 689 1058 quidem
705 1035 717 1054 ‚
748 1009 792 1045 ut
817 1017 903 1046 non
927 1017 1033 1046 unus
1060 1003 1191 1046 modo
1215 1010 1256 1047 et
1280 1003 1382 1047 alter

271 1093 321 1121 ex
348 1092 430 1122 una
457 1085 618 1122 tantum
643 1079 879 1131 Facultate,
923 1079 996 1122 sed
1029 1079 1168 1137 plures
1202 1093 1250 1123 ex
1286 1093 1383 1122 om-

270 1155 395 1199 nibus
429 1155 657 1214 disciplinis
688 1156 758 1199 tali
785 1156 945 1199 honore
978 1155 1240 1213 dignissimos
1266 1155 1384 1210 judi-

270 1231 428 1276 caverit
456 1231 649 1276 Senatus.
1324 1234 1346 1243 ‘

328 1308 424 1352 Jam
446 1308 586 1361 vobis,
617 1309 752 1352 eximii
783 1316 950 1354 nostrae
973 1310 1224 1355 Academiae
1246 1311 1382 1355 alum-

270 1385 334 1428 ni!
382 1385 534 1441 quibus
594 1399 690 1429 mox
748 1387 886 1430 laurea
926 1387 1150 1431 doctoralis
1188 1387 1384 1442 summis,

272 1463 344 1518 qui
384 1462 438 1505 ab
472 1462 698 1506 Academia
741 1476 925 1519 unquam
970 1464 1147 1507 concedi
1184 1472 1382 1522 possunt,

273 1538 526 1592 honoribus,
557 1538 766 1593 tradetur,
799 1541 955 1597 primus
990 1555 1038 1584 ex
1066 1541 1204 1584 animo
1238 1548 1384 1598 gratu-

271 1615 346 1660 lari
382 1631 506 1674 posse
546 1616 721 1674 gaudeo,
780 1616 908 1660 Macti
950 1624 1082 1661 estote
1119 1616 1207 1661 hae'
1237 1618 1384 1663 virtute

271 1701 311 1738 et
353 1693 508 1751 gloria,
559 1700 682 1749 atque
736 1693 935 1750 inpensae
980 1693 1212 1751 diligentiae
1259 1702 1382 1752 atque

270 1769 503 1813 studiorum
534 1770 690 1812 fructus
717 1770 876 1827 carpite
898 1769 1157 1822 uberrimos,
1190 1785 1273 1814 non
1305 1787 1382 1816 au-

268 1860 364 1890 reos
386 1852 572 1898 tantum,
604 1846 727 1902 longe
755 1845 862 1889 enim
894 1846 1100 1890 nobiliora
1130 1848 1382 1906 melioraque

270 1922 381 1967 dona
413 1928 534 1974 sunt,
565 1921 716 1978 quibus
750 1935 824 1966 vos
860 1923 968 1966 alma
1002 1931 1161 1975 mater,
1194 1925 1258 1968 cui
1297 1926 1382 1983 jam

270 1998 509 2043 valedicturi
547 1998 670 2051 estis3
729 1998 965 2054 decoravit3
1027 2014 1100 2044 vos
1142 2001 1249 2044 enim
1289 2003 1381 2047 sinu

272 2089 347 2119 suo
379 2074 506 2127 fovit,
539 2075 742 2127 excoluit,
775 2076 944 2134 optimis
971 2077 1187 2122 doctrinae
1215 2078 1382 2124 dotibus

278 2152 462 2204 ornavit,
493 2153 619 2209 inque
642 2152 784 2210 templi
813 2153 1023 2197 Minervae
1063 2155 1164 2197 atria
1195 2154 1380 2212 induxit3

275 2236 454 2272 vestrum
481 2228 564 2285 jam
595 2236 677 2278 est,
707 2229 873 2286 juvenes
901 2230 1073 2288 egregii,
1103 2231 1144 2274 in
1179 2232 1379 2278 interiora

272 2305 390 2361 hujus
435 2306 575 2365 templi
628 2305 750 2364 adyta
796 2315 1040 2366 penetrare,
1098 2308 1168 2352 ubi
1208 2325 1228 2352 e
1271 2325 1378 2369 puro
