1492 2896
276 254 346 288 160
668 250 981 298 nisouisrrlo

326 359 417 396 Tam
458 358 586 395 misera
618 360 745 404 populi
780 359 936 396 Romani
972 359 1181 397 conditione
1215 358 1370 397 invaluit

274 429 477 473 Catilinae,
509 428 640 475 perditi
668 429 760 473 viri,
786 440 867 466 cum
893 429 1028 465 infimis
1051 429 1263 476 quibusque
1281 429 1369 468 inita

270 499 491 547 conjuratio.
578 499 617 535 ln
657 499 790 535 horum
828 507 946 535 autem
990 509 1143 535 numero
1179 499 1235 536 uti
1269 507 1369 537 erant

272 578 367 613 quos
388 567 578 615 flagitium
596 596 608 613 ,
650 576 819 615 egestas,
863 569 1036 605 conscius
1077 568 1219 606 animus
1249 569 1371 617 exagi-

270 638 395 683 tabat,
429 639 476 674 ita
506 638 655 675 fuerunt
685 638 787 675 etiam
815 638 879 684 qui
899 666 911 682 ,
949 635 1221 675 foeneratorum
1252 637 1371 676 saevi-

268 708 351 744 tiam
376 717 421 745 *et
454 709 662 745 praetorum
697 717 900 747 metuentes
919 736 931 754 ,
952 707 1135 744 Catilinae
1162 718 1242 745 sese
1268 707 1368 747 addi-

269 777 411 814 xissent
425 798 444 822 ,·
463 777 640 814 libertatis
669 789 757 815 suae
776 777 954 825 imprimis
979 776 1144 815 solliciti.
1182 777 1263 815 Nec
1282 789 1369 816 vero

268 848 304 883 in
344 856 413 883 tam
451 857 622 894 corrupta
654 847 801 884 civitate
837 848 939 893 quod
969 848 1030 896 jus
1066 847 1197 895 fasque
1229 856 1326 886 esset
1349 849 1370 887 ‘a

268 917 438 956 Praetore
473 920 706 955 observatum
742 928 886 964 semper
918 917 1058 964 fuerit,
1090 918 1155 955 sed
1179 917 1290 955 modo
1313 928 1371 955 se-

268 985 414 1032 verius,
445 988 556 1024 modo
593 988 716 1025 mitius
745 987 929 1035 judicasse
957 988 1160 1024 Praetorem
1182 999 1369 1042 perquam

268 1066 325 1093 est
354 1056 576 1101 verisimile,
610 1065 721 1103 prout
748 1057 890 1094 scilicet
930 1058 1008 1104 ipse
1040 1057 1098 1093 vel
1123 1043 1369 1093 creditOribus

270 1128 324 1164 vei
354 1127 583 1164 debitoribus
608 1127 762 1164 faveret.
816 1125 948 1175 Quid?
981 1126 1082 1173 quod
1104 1126 1211 1163 tradit
1233 1126 1371 1163 Sallus-

267 1197 367 1243 tius,
395 1197 647 1246 eonjuratione
674 1195 855 1244 patefacta
879 1195 1022 1234 misisse
1054 1196 1102 1234 C.
1130 1194 1298 1233 Mallium
1325 1196 1369 1233 ad

265 1269 317 1317 Q.
345 1267 527 1306 Marcium
552 1267 687 1315 Regem
714 1268 882 1314 legatos,
916 1265 979 1314 qui
1003 1265 1196 1314 iniquitate
1224 1265 1371 1302 Praeto-

266 1339 315 1375 ris
337 1337 471 1375 factum
495 1347 575 1374 esse
601 1337 861 1382 ostenderent,
888 1344 927 1372 ut
952 1335 1104 1372 Mallius
1128 1343 1257 1372 contra
1278 1347 1371 1372 rem-

265 1407 448 1454 publicam
476 1418 557 1443 cum
586 1405 744 1444 Catilina
767 1404 1017 1452 conspirasset
1040 1405 1058 1453 ζ
1068 1405 1120 1452 1).
1162 1403 1228 1441 Ille
1249 1413 1369 1442 autem

269 1476 338 1514 etsi
374 1487 517 1513 causam
561 1486 662 1512 snam
709 1473 797 1511 satis
838 1473 1092 1519 excusaverit,
1137 1484 1212 1511 non
1251 1481 1371 1511 tamen

269 1557 377 1582 omne
401 1545 471 1582 fide
496 1553 551 1581 est
577 1544 749 1591 indignus
780 1544 980 1590 putandus.
1027 1543 1175 1581 Etenim
1199 1553 1374 1592 corrupta

267 1615 403 1663 judicia
424 1615 494 1662 jam
523 1613 776 1651 Gracchorum
807 1622 972 1660 tempore
996 1612 1112 1649 fuisse
1137 1614 1269 1652 diserte
1294 1624 1373 1650 mo-

269 1694 330 1722 net
354 1685 544 1732 Appianus
560 1712 572 1730 ,
598 1683 661 1720 ubi
684 1695 722 1720 ea
743 1694 761 1720 a
787 1683 922 1720 Senatu
949 1682 994 1719 ad
1019 1682 1176 1730 Equites
1201 1683 1373 1722 translata

269 1769 287 1793 a
320 1756 490 1793 Graccho
526 1762 660 1792 narrat.
714 1753 837 1802 Quum
866 1753 986 1796 enim,
1016 1755 1221 1800 permutata
1250 1752 1372 1801 reipu-

268 1827 386 1863 blicae
418 1833 620 1873 potestate,
666 1823 702 1859 in
738 1822 897 1870 Equites
936 1822 1141 1863 transiisset
1182 1826 1372 1870 potentia,

267 1898 390 1939 honos
415 1905 532 1932 autem
562 1892 710 1930 Senatui
735 1892 868 1929 fuisset
891 1891 1039 1929 relictus
1060 1921 1071 1938 ,
1106 1904 1150 1930 eo
1177 1893 1260 1931 illos
1287 1906 1374 1942 pro-

268 1967 448 2009 cessisse,
482 1975 523 2001 ut
548 1975 620 2000 non
650 1963 759 2000 modo
784 1963 1059 2000 dominarentur
1086 1963 1122 2001 in
1150 1962 1343 2000 Senatores
1361 1990 1374 2009 ,

269 2037 334 2074 sed
359 2036 464 2073 etiam
497 2033 639 2082 injuriis
673 2040 708 2069 et
740 2032 977 2069 contumeliis
1010 2034 1196 2080 propalam
1226 2033 1371 2070 eosdem

269 2108 304 2144 in
338 2104 548 2143 exercendis
580 2102 729 2152 judiciis
763 2102 957 2139 afficerent.
1027 2105 1138 2147 „Tiqv
1169 2105 1204 2143 δὲ
1237 2105 1374 2151 δωροδο-

269 2175 394 2220 χίχν,”
420 2173 537 2222 pergit
561 2171 781 2220 Appianas,
822 2173 1128 2221 „gaermtxsso'ursg
1154 2173 1213 2210 καὶ
1238 2174 1373 2218 γευσά-

269 2262 363 2294 μενοι
403 2247 460 2288 καὶ
498 2243 572 2284 οἵδε
609 2245 731 2291 κερδῶν
754 2244 917 2290 ἁθρόων,
958 2242 1180 2289 αἰσχρότερον
1221 2243 1272 2282 ἔτι
1311 2244 1370 2281 xxi

1286 2314 1376 2350 duf-

314 2366 359 2405 (1)
386 2363 516 2395 Sallust.
549 2365 581 2390 B.
610 2363 639 2389 C.
664 2371 691 2389 c.
713 2361 763 2390 83.
1312 2351 1315 2357 Δ
