1492 2896
277 271 321 307 6ss
457 307 459 309 ,
587 308 590 311 ,
667 268 982 319 DtsQUISlTio

284 377 431 416 bematis
459 377 609 414 nomine
640 379 846 425 appelletur
873 379 982 426 digna
1012 388 1174 426 putatur.
1230 380 1390 429 Quando

282 449 379 484 enim
422 459 480 484 res
518 458 560 484 eo
606 447 798 495 pervenit,
846 459 884 484 ut
927 449 1122 496 plurimum
1159 451 1240 496 ipse
1271 433 1392 498 possit

282 517 450 564 populus
491 517 688 563 omniaque
716 518 795 565 eius
827 517 978 554 arbitrio
1011 528 1206 566 regantur,
1236 531 1312 557 non
1338 521 1392 557 di-

279 587 394 623 cenda
418 586 576 634 amplius
603 586 751 623 libertas
776 595 863 632 est,
892 589 955 625 sed
974 588 1124 625 licentia
1148 588 1231 636 (1).

328 658 405 706 Jam
432 656 634 703 aliquoties
660 657 825 694 Platonis
852 657 1029 695 Politian}
1054 659 1292 705 inspeximus,
1309 660 1391 706 plu-

282 727 446 773 rimaque
476 726 558 764 inde
587 726 624 763 in
654 733 727 764 rem
759 736 922 764 nostram
948 737 1164 765 convertere
1188 728 1285 770 haud
1308 740 1389 766 raro

280 797 398 834 licuit.
430 797 480 834 Et
502 807 614 842 sane,
642 797 810 843 quamvis
843 796 923 844 ipse
953 798 1057 834 talem
1083 797 1268 835 civitatem
1295 808 1390 836 nun-

278 877 386 912 quam
411 866 448 903 in
478 876 652 903 terrarum
681 866 770 904 orbe
793 868 925 904 adesse
952 879 1066 914 posse
1093 867 1285 916 professus
1311 867 1388 914 sit,

277 937 419 983 qualem
447 936 483 973 in
507 936 578 973 hoc
609 947 721 984 opere
754 947 824 973 suo
853 936 1114 983 adumbravit,
1143 946 1262 974 tamen
1287 948 1389 984 prae-

275 1015 383 1054 cepta
432 1017 476 1043 eo
525 1006 767 1044 continentur
817 1006 956 1044 civitati
1002 1007 1187 1054 hodieque
1208 1008 1389 1045 -saluber-

274 1078 377 1114 rima.
446 1077 488 1114 In
536 1077 594 1114 his
637 1076 727 1114 illud
771 1074 856 1114 item
893 1077 1105 1124 primarium
1150 1086 1205 1113 est
1221 1084 1246 1123 ‚·
1285 1076 1388 1124 quod

276 1146 458 1183 de'civili
503 1145 669 1183 libertate
709 1146 745 1182 in
787 1145 919 1193 populi
959 1146 1138 1184 licentiam
1174 1147 1386 1194 degenerata

273 1215 432 1254 monuit.
496 1215 681 1262 Equidem
723 1216 843 1253 locum
881 1215 1015 1263 illum,
1065 1228 1173 1264 quem
1213 1217 1385 1255 disertius

274 1287 554 1334 elegantiusque
585 1286 682 1323 haud
718 1285 823 1323 facile
858 1295 1011 1324 tractare
1046 1290 1155 1333 licet,
1182 1289 1242 1326 hic
1267 1300 1384 1336 appo—

271 1367 375 1403 nam,
402 1355 668 1403 quosfaciliuffi
699 1357 845 1395 licenti-52
867 1357 935 1394 rite
954 1369 972 1395 a
991 1357 1157 1394 libertate
1175 1357 1352 1396 distincta
1367 1385 1380 1404 ‚

271 1425 410 1473 reliqua
437 1425 557 1462 oratio
585 1435 711 1462 nostra
739 1427 928 1472 procedat.

321 1495 526 1541 Postquam
565 1494 676 1542 igitur
717 1495 843 1533 docuit
891 1496 1020 1541 Plato,
1071 1496 1261 1543 quomodo
1302 1496 1381 1532 auri

274 1576 372 1602 sacra
400 1564 494 1602 fame
522 1564 666 1602 interire
695 1565 811 1601 soleat
840 1565 1065 1611 oligarchia‚
1087 1564 1140 1602 sic
1161 1576 1277 1611 porro
1297 1575 1381 1602 cum

269 1635 464 1673 Glaucone
502 1636 689 1682 disputat:
760 1636 933 1679 „Nonne
971 1637 1074 1672 etiam
1117 1635 1218 1682 qnod
1256 1635 1381 1672 demo-

268 1707 380 1743 cratia
417 1707 555 1743 bonum
593 1718 672 1742 esse
709 1716 860 1749 censet,
895 1706 1005 1753 hujus
1033 1705 1249 1743 insatiabilis
1274 1704 1378 1752 cupi-

268 1776 360 1812 ditas
389 1788 464 1813 eam
493 1776 577 1813 item
607 1775 880 1813 dissolvit-:2—
923 1777 1079 1822 Ecqnod
1107 1775 1143 1811 in
1171 1787 1210 1811 ea
1238 1774 1375 1811 bonurn

271 1846 410 1881 censeri
438 1845 558 1882 dieis?
584 1867 639 1875 --
692 1843 932 1881 Libertatem.
988 1844 1071 1880 Hoc
1100 1844 1192 1880 enim
1221 1853 1308 1880 sane
1339 1843 1377 1879 in

269 1912 439 1960 populati
467 1913 615 1950 clvitate
642 1913 930 1960 pulcherrimum
957 1924 1036 1950 esse
1070 1912 1193 1949 audias
1227 1920 1263 1948 et
1291 1923 1375 1959 pro-

265 1991 387 2030 pterea
417 1993 702 2019 consentancum
722 2011 733 2029 ‚
761 1991 802 2020 ut
828 1982 865 2019 in
897 1983 962 2019 hac
989 1983 1063 2019 sola
1092 1983 1197 2027 degat
1218 1981 1373 2028 quicun-

268 2064 341 2098 que
378 2062 504 2089 natura
536 2052 627 2089 liber
658 2054 722 2090 sit.
747 2074 802 2081 —
853 2053 1004 2091 Crebris
1038 2052 1206 2100 profecto
1234 2064 1373 2089 sermo·

267 2121 378 2158 nibus
408 2123 479 2158 hoc
510 2122 680 2169 usurpari
704 2124 814 2160 solet.
839 2142 892 2150 —-
944 2122 1082 2160 Nonne
1107 2123 1245 2169 igitur,
1272 2124 1372 2170 quod

267 2191 377 2228 niodo
403 2192 521 2228 dicere
548 2191 781 2228 instituebant
799 2220 810 2235 .‚
849 2192 959 2239 hujus
988 2191 1036 2229 rei
1066 2190 1280 2229 insatiabilis
1308 2204 1373 2228 cu-

560 2252 562 2256 ,
1317 2263 1371 2309 pi,

306 2343 358 2378 (ι)
382 2340 451 2370 Cic.
475 2342 511 2370 de
531 2343 615 2381 Περ.
638 2341 714 2372 Lib.
738 2342 805 2371 ΙΙΙ.
830 2352 857 2372 c.
881 2352 930 2372 ιο.
