1492 2896
229 289 623 330 PHILOSOPHICO
636 310 652 321 ·
666 288 976 332 HISTORICA.
1115 299 1160 339 51

43 401 189 453 Quodsi
228 411 318 440 vero
360 409 506 450 urgeret
545 401 744 439 necessitas
784 408 848 438 aut
877 409 1060 449 ,magnum
1093 399 1161 438 aii-

46 472 149 521 quod
183 470 407 520 discrimen,
444 472 640 510 admodum
676 470 847 508 lubenter
882 481 966 508 cum
1001 480 1078 508 uno
1113 480 1160 508 ex

43 542 101 580 his
139 542 231 580 viris
271 554 503 592 pugnarem,
543 553 701 589 quorum
735 541 997 589 unusquisque
1032 541 1082 579 ait
1119 551 1160 579 se

41 612 162 650 tribus
201 625 281 650 esse
320 613 475 651 Graecis
514 623 651 659 parem.
731 610 785 648 Ita
824 609 932 648 etiam
973 609 1158 649 Lacedae-

40 683 183 729 monii,
219 684 365 730 quando
392 682 529 731 singuli
555 692 639 719 cum
669 680 827 729 singulis
854 688 1046 729 pugnant,
1074 681 1159 718 nul·

37 753 84 790 lis
110 760 199 791 sunt
224 752 315 791 viris
339 752 566 800 inferiores3
595 750 754 789 conferti
781 761 870 789 vero
898 750 1063 789 omnium
1086 750 1158 788 ho-

39 823 179 861 minum
225 821 438 861 fortissimi.
507 822 606 860 Nam
651 820 739 860 licet
782 820 891 859 liberi
937 819 1038 867 sint,
1078 828 1158 858 non

39 901 128 930 sunt
167 900 287 931 tamen
325 892 426 930 omni
474 903 518 930 ex
557 899 663 941 parte
694 891 826 938 1iberi3
869 898 1014 939 praeest
1060 889 1156 928 enim

38 961 133 1010 ipsis
158 962 331 1013 domina,
359 962 467 1008 Lex,
502 973 610 1009 quam
638 961 691 999 illi
719 961 905 1000 dominam
931 961 1051 999 multo
1082 971 1157 998 maa

38 1031 94 1080 gis
118 1031 249 1069 timent
278 1043 388 1079 quam
408 1031 463 1068 tui
488 1040 538 1069 te.
579 1031 737 1069 Faciunt
756 1040 855 1069 certe
882 1031 1029 1079 quidem
1053 1029 1156 1078 quod

36 1101 95 1139 lex
121 1100 301 1150 imperat3
340 1102 493 1149 imperat
520 1109 641 1138 autem
671 1113 817 1149 semper
843 1101 965 1148 idem,
999 1111 1078 1138 non
1102 1099 1153 1138 si-

35 1180 127 1207 nens
164 1181 208 1208 ex
243 1169 320 1209 acie
359 1169 558 1219 profugere
595 1179 883 1219 quantacunque
909 1171 957 1209 sit
983 1169 1151 1209 hostium

34 1240 259 1288 multitudo,
287 1241 351 1278 sed
373 1241 509 1290 jubens
537 1251 667 1279 omnes
692 1240 732 1278 in
759 1239 888 1278 ordine
913 1251 985 1279 suo
1012 1248 1153 1279 stantes

34 1310 182 1349 vincere
208 1320 272 1349 aut
299 1311 419 1349 mori³²
445 1312 530 1362 (ι).

85 1381 186 1418 Haec
200 1382 432 1420 Demaratus.
469 1382 554 1420 Nos
573 1390 694 1433 autem
711 1382 795 1420 inde
808 1381 976 1420 videmus
987 1409 1000 1428 ‚
1015 1386 1159 1429 quanta.

35 1449 148 1488 fuerit
171 1452 293 1499 legum
317 1452 416 1498 apud
448 1452 624 1499 antiquos
651 1451 710 1489 vis
737 1461 772 1489 et
795 1450 1011 1489 auctoritas.
1065 1451 1152 1489 Pera

35 1530 156 1558 sarum
179 1531 244 1559 rex
266 1521 337 1559 tale
368 1521 457 1568 quid
481 1521 684 1570 intelligere
709 1522 814 1559 nullo
848 1522 961 1559 modo
989 1529 1152 1569 poterat.

33 1589 156 1639 Leges
190 1591 376 1640 cogitabat
411 1593 540 1638 quales
576 1592 657 1641 ipse
684 1592 852 1639 ferebat,
882 1593 1009 1640 quales
1036 1591 1151 1641 vulgo

32 1660 243 1707 habentur,
288 1662 498 1710 principum
534 1663 654 1712 jussa.
706 1663 828 1711 Leges
858 1663 986 1711 quales
1013 1662 1150 1702 Graeci

34 1732 272 1779 cogitabant,
312 1743 360 1770 ne
394 1730 508 1770 fando
544 1733 692 1780 quidem
722 1733 929 1771 audiverat.
985 1733 1151 1771 Naturae

34 1802 114 1849 lege
140 1802 208 1838 hae
234 1811 337 1840 erant
362 1801 559 1850 fundatae,
604 1804 752 1840 ratione
784 1805 900 1840 insita
931 1804 973 1839 in
1005 1810 1151 1840 natura

33 1871 242 1919 hominum‚·
276 1883 371 1921 quae
397 1880 503 1910 vocat
529 1871 583 1909 ad
606 1872 757 1922 officium
772 1871 936 1920 jubendo
952 1899 965 1917 ,
993 1870 1150 1910 vetando

33 1953 58 1979 a
75 1940 222 1990 fraude
245 1939 424 1979 deterret.
487 1940 687 1990 Ejusmodi
715 1942 779 1980 lex
805 1951 883 1978 non
910 1940 1148 1979 subditorum

34 2018 199 2056 tantum,
229 2012 294 2049 sed
320 2011 439 2059 ipsius
467 2010 574 2048 etiam
604 2010 700 2058 regis
727 2021 763 2049 et
788 2011 969 2060 principis
1000 2010 1149 2048 domina

32 2078 144 2127 'atque
159 2080 283 2140 regina
298 2081 518 2119 habebatur.
557 2082 648 2119 Erat
671 2082 764 2119 enim
798 2084 852 2128 „5
873 2084 1002 2132 νόμος,
1028 2084 1149 2123 §wazu-

37 2166 103 2193 των
141 2154 316 2200 βασιλεὺς
358 2155 483 2198 θνητῶν
522 2169 562 2193 τε
601 2153 660 2192 καὶ
704 2155 914 2196 ἀθανάτων,
955 2154 1019 2200 (ὥς
1056 2158 1147 2202 φησι

36 2221 219 2271 Πίνδαρος)
257 2226 318 2262 οὐκ
356 2224 390 2263 ἐν
433 2224 592 2270 βιβλίοις
632 2224 696 2270 ἔξω
743 2224 1033 2271 γεγραμμένοις,
1070 2224 1147 2263 οὐδὲ

38 2303 107 2329 τισι
131 2291 269 2338 ξύλοις,
298 2294 384 2331 ἀλλ’
415 2292 582 2340 ἔμψυχος
616 2293 658 2330 ὢν
683 2294 796 2339 §xva-43
824 2293 954 2338 λόγος,
979 2294 1034 2332 ἀεὶ
1065 2308 1146 2333 συν·

18 2388 19 2391 =
77 2409 124 2448 (ι)
151 2408 269 2440 Herod.
293 2410 368 2440 Lib.
390 2409 472 2441 V11.
500 2420 529 2440 c.
555 2419 625 2440 101.
641 2421 678 2433 -
694 2420 722 2440 c.
743 2409 814 2442 104.
1037 2398 1043 2403 ’
1100 2378 1147 2402 91³

540 2471 576 2507 D
605 2483 626 2508 2
