1492 2896
265 274 654 317 PHILOSOPHLCO
665 295 680 304 -
692 275 999 316 HISTORICA.
1114 286 1185 326 η’]

82 394 125 426 ut
158 386 291 426 Cicero
328 386 461 433 docet,
507 396 627 433 „mos
667 385 746 434 ipse
780 386 924 434 patrius
960 391 1184 433 praestantes

82 453 183 494 viros
221 454 445 502 adhibebat,
483 463 519 492 et
553 463 710 493 veterem
750 465 888 492 rnorem
928 466 968 492 ac
1006 455 1184 503 majorum

83 524 251 562 instituta
277 524 480 562 retinebant
508 526 725 562 excellentes
755 524 852 562 viri'’
880 525 900 571 (
907 525 965 573 1).
1010 524 1188 563 Coluisse

81 603 200 632 autem
236 603 339 632 antea
375 594 565 631 Romanos
598 594 816 641 aequitatem
847 594 1049 642 legesque,
1083 604 1189 642 prae·

83 672 180 703 terea
210 674 254 701 ex
289 674 434 701 summo
470 662 627 711 vigore,
662 663 705 700 ad
733 674 841 710 quem
869 663 1034 701 escendit
1059 674 1190 712 respu-

84 733 179 771 blica
203 733 399 772 commode
424 732 572 771 efficias.
624 731 667 770 Id
694 743 783 770 sane
808 732 890 771 sine
916 732 1025 772 bonis
1050 733 1190 772 civium

83 802 279 850 moribus,
317 801 398 842 sine
429 802 502 841 fide
533 811 570 841 et
600 802 745 852 justitia
772 803 936 851 interna,
965 803 1043 842 sine
1066 804 1190 853 legum

84 871 321 912 observantia
348 873 411 912 vix
445 872 669 921 impetrare,
709 881 806 911 certe
840 872 1075 921 impetratum
1112 883 1193 911 non

85 942 148 982 diu
176 944 336 983 retinere
361 942 484 982 liceat.
537 942 652 994 Quod
687 943 810 992 ipsum
844 945 903 981 vel
935 955 979 981 ex
1008 945 1087 982 sola
1111 943 1192 983 Ro-

86 1023 191 1052 mana
223 1013 380 1051 historia
405 1015 610 1052 luculenter
635 1013 878 1052 demonstrari
905 1012 1029 1062 possit
1055 1021 1093 1051 et
1118 1006 1193 1052 sin-

86 1083 236 1132 gulatim
276 1081 382 1120 etiam
425 1082 770 1130 demonstrabitur,
817 1082 883 1121 ubi
919 1095 965 1121 ex
999 1082 1194 1122 dissolutis

85 1151 222 1191 civium
251 1151 416 1190 moribus
444 1152 600 1191 maxime
625 1152 796 1192 interitus
822 1151 1002 1191 libertatis
1029 1163 1064 1192 et
1086 1152 1196 1192 simul

78 1218 243 1260 civitatis
267 1229 494 1271 exponetur.

133 1355 182 1395 (4¹)
199 1356 271 1396 Ap.
294 1357 428 1402 August.
449 1357 488 1388 de
514 1358 581 1388 σίν.
603 1357 688 1396 Dei,
715 1356 792 1388 Lib.
814 1356 864 1390 11.
885 1369 913 1391 c.
934 1369 985 1390 αι.

1115 2456 1202 2494 CA-
