1492 2896
282 253 352 299 156
676 247 990 298 DISQUlSITIO

279 355 465 396 exstitisse
490 357 526 394 in
547 356 695 394 civitate
719 357 941 402 discordias,
969 369 1061 406 quae
1084 370 1103 397 a
1124 359 1377 400 Gracchorum

279 429 361 465 inde
386 436 554 475 tempore
580 427 726 474 penitus
751 437 827 464 eam
856 428 1003 465 turbare
1032 437 1248 477 coeperunt.
1291 430 1380 468 Inde

277 498 376 545 apud
389 497 608 536 Ciceronem
624 496 796 536 Laelius:
838 496 983 546 „Quid
1005 497 1094 535 mihi
1120 498 1168 536 L.
1195 499 1296 538 Pauli
1318 511 1381 537 ne-

275 579 344 614 pos
370 588 424 596 -—
448 567 613 614 quaerit,
646 567 834 614 quomodo
859 567 934 604 duo
963 568 1062 605 soles
1088 567 1160 605 visi
1182 568 1281 615 sint,
1303 580 1380 607 non

274 638 416 684 quaerit
456 647 521 674 cur
551 637 588 675 in
625 647 695 675 una
727 636 915 684 republica
948 637 1022 674 duo
1061 645 1210 674 senatus
1243 647 1280 676 et
1304 639 1380 676 duo

274 717 389 754 paene
415 707 485 756 jam
521 708 652 756 populi
685 707 793 745 sint?
861 707 985 752 Nam,
1015 714 1056 744 ut
1082 706 1246 754 videtis,
1281 718 1380 745 mors

276 775 419 813 Tiberii
447 776 606 813 Gracchi
635 785 672 813 et
695 778 768 826 Jam
797 785 881 814 ante
911 785 990 814 tota
1014 776 1113 813 illius
1144 775 1237 813 ratio
1262 776 1380 814 tribu·

215 856 222 862 “
274 855 382 884 natus
415 847 540 884 divisit
576 847 755 895 populum
791 857 903 884 unum
933 846 972 882 in
999 846 1089 885 duas
1119 845 1270 893 partes’'
1292 845 1378 895 (1).

275 918 325 956 Et
357 928 470 961 vero,
505 928 597 965 quae
632 926 720 954 sunt
758 916 808 955 C.
843 914 1013 954 Memmii
1048 915 1086 953 in
1121 924 1253 953 senatu
1281 915 1380 964 apud

275 985 490 1024 Sallustium
514 985 583 1033 (2)
611 984 744 1022 verba:
799 984 971 1031 „Occiso
996 983 1155 1022 Tiberio
1180 984 1378 1031 Graccho‚

275 1067 383 1104 quem
410 1066 560 1104 regnum
589 1067 714 1103 parare
739 1055 883 1103 ajebant
899 1082 912 1101 ,
941 1056 980 1092 in
1004 1054 1148 1102 plebem
1174 1054 1377 1092 Romanam

273 1125 511 1172 quaestiones
540 1136 666 1173 graves
694 1124 837 1162 habitae
866 1132 969 1161 sunt.
1022 1123 1113 1161 Post
1140 1123 1188 1161 C.
1217 1122 1380 1160 Gracchi

272 1205 310 1233 et
333 1196 390 1235 M.
408 1193 530 1233 Fulvii
554 1195 719 1240 caedem,
744 1193 830 1231 item
853 1192 967 1230 vestri
991 1192 1132 1230 ordinis
1153 1192 1259 1229 multi
1282 1202 1380 1228 mor-

272 1267 363 1303 tales
389 1266 426 1303 in
449 1275 593 1302 carcere
622 1265 740 1301 necati
773 1273 885 1301 sunt:
930 1263 1124 1310 utriusque
1155 1262 1269 1300 cladis
1303 1272 1379 1299 non

273 1336 358 1380 lex,
394 1346 518 1372 verum
562 1333 690 1371 lubido
719 1344 847 1370 eorum
884 1332 992 1370 finem
1027 1331 1159 1371 fecit.”
1211 1332 1377 1370 Auctore

271 1414 390 1443 autem
419 1405 561 1454 Vellejo
583 1405 774 1443 Paterculo
803 1414 901 1440 mors
926 1403 973 1441 C.
996 1401 1157 1440 Gracchi
1196 1401 1376 1448 „initium

270 1476 307 1515 in
336 1475 426 1513 urbe
456 1475 575 1512 Roma
605 1473 725 1511 civilis
761 1472 978 1520 sanguinis,
1009 1472 1288 1521 gladiorumque
1311 1471 1379 1508 im·

272 1545 449 1593 punitatis
477 1543 565 1582 fuit.
625 1544 715 1581 Inde
735 1545 796 1592 jus
823 1543 857 1580 vi
883 1542 1084 1588 obrutum,
1114 1541 1375 1590 potentiorque

271 1613 417 1652 habitus
454 1613 583 1660 prior3
614 1611 895 1658 discordiaeque
923 1609 1062 1648 civium
1080 1638 1092 1657 ‚
1121 1621 1224 1647 antea
1249 1610 1378 1647 condi-

270 1682 439 1722 tionibus
468 1681 586 1719 sanari
613 1681 766 1726 solitae,
800 1680 899 1718 ferro
925 1681 1174 1730 adjudicatae3
1205 1679 1375 1726 bellaque

271 1764 346 1793 uon
368 1753 488 1790 causis
515 1751 628 1798 inita,
656 1752 718 1788 sed
743 1761 854 1798 prout
879 1762 1004 1788 eorum
1024 1760 1160 1787 merces
1179 1747 1373 1797 fuit’'(3).

273 1825 510 1871 Exceperunt
542 1823 604 1858 has
639 1821 839 1858 discordias
876 1829 953 1858 tum
992 1820 1085 1856 bella
1121 1818 1375 1856 Romanorum

269 1893 390 1932 civilia
432 1902 506 1930 tum
543 1892 581 1929 in
622 1889 748 1929 Africa
776 1888 1071 1938 jugurthinum,
1117 1899 1191 1934 quo
1228 1888 1376 1934 quidem

273 1973 439 2011 tempore
467 1961 498 1998 is
524 1960 594 1998 fuit
628 1961 746 2006 legum
776 1959 874 2006 apud
907 1959 1096 1996 Romanos
1128 1958 1251 1994 cultus
1285 1956 1376 1993 civi-

273 2043 410 2079 umque
433 2031 582 2068 libertas
600 2058 613 2076 ,
640 2039 678 2067 ut
703 2042 814 2079 qaam
840 2031 992 2080 quisque
1010 2039 1177 2079 pessuma
1196 2027 1374 2074 fecisset,

271 2111 348 2139 tam
373 2113 545 2138 maxume
568 2110 672 2138 tutus
696 2111 782 2139 esser
805 2102 900 2149 (4),
933 2111 972 2136 ea
1009 2109 1150 2136 morum
1180 2095 1344 2133 conditio
1360 2122 1373 2141 ‚

1338 2174 1378 2206 ut

317 2227 364 2260 (ι)
389 2221 458 2251 Cic.
485 2221 523 2250 de
545 2223 630 2262 Res».
655 2221 731 2251 Lib.
755 2220 782 2250 Ι.
805 2231 833 2250 c.
860 2230 907 2260 ¹9·

314 2278 362 2316 μ)
387 2275 467 2305 Sall.
488 2277 529 2305 Β.
551 2277 584 2304 J.
607 2285 635 2306 e.
661 2275 711 2306 31.

314 2330 362 2367 gb)
387 2327 475 2358 Veli.
499 2329 623 2359 Patere.
647 2331 738 2359 His-1⁷.
762 2330 858 2358 Rom.
883 2326 956 2355 Lib.
982 2323 1027 2355 ΙΙ.
1053 2335 1080 2354 c.
1102 2321 1132 2352 5·

312 2383 359 2425 gni)
385 2382 467 2412 Sall.
486 2381 507 2411 1.
534 2382 555 2410 Ι.
