1492 2896
251 275 638 316 PHILOSOPHICO
657 298 672 305 -
685 275 995 316 HISTORICA.
1139 292 1184 318 21

123 387 256 427 Cicero
296 385 410 435 igitur
444 387 484 424 in
526 387 671 424 laudato
711 398 851 433 opere,
889 386 981 434 J'uris
1021 385 1187 434 discipli-

77 469 143 496 nae
176 456 305 495 fontes
338 466 381 502 ⁶et
416 458 592 504 principia
629 458 916 503 exploraturus,
968 456 1185 493 ordiendum

77 540 158 567 esse
192 537 319 566 censet
362 541 381 565 a
425 539 568 565 summa
608 528 693 574 illa,
732 538 839 573 quam
880 528 977 572 dixi¹
1025 536 1189 564 naturae

75 582 177 648 lege.
214 607 255 635 ut
298 609 417 644 neque
467 582 658 635 hominum
705 591 911 644 e‘xcogitata
954 596 1112 645 ingeniis
1152 605 1188 634 et

76 668 239 707 saeculis,
272 667 446 705 omnibus
473 676 556 705 ante
587 669 670 705 nata
701 679 807 714 quam
835 667 973 715 scripta
998 668 1056 705 lex
1087 668 1186 713 ulla,

74 746 139 775 aut
183 749 294 784 quam
342 737 494 774 omnino
542 737 673 773 civitas
719 736 928 774 constituta
965 735 1048 784 (1).
1119 738 1188 775 Est

77 815 198 844 autem
224 808 282 845 lex
303 807 363 844 illa
390 806 571 856 eJusmodi
586 835 598 851 ‚
621 814 662 843 ut
685 817 806 853 neque
831 807 913 843 tolli
934 817 1055 852 neque
1078 806 1187 843 abro-

78 877 155 924 gari
179 887 339 925 unquam
367 878 490 925 possit
513 879 595 926 (2).
651 876 829 915 Nascitur
866 876 959 912 enim
1000 887 1071 913 una
1100 887 1184 913 cum

75 947 249 993 homine,
281 959 393 994 quum
429 947 504 992 sit,
549 948 679 993 „ratio
715 957 883 991 summa,
921 946 1030 983 insita
1059 946 1097 982 in
1123 956 1187 983 na-

75 1024 187 1062 tura,
225 1028 318 1063 quae
342 1017 447 1065 jubet
476 1027 516 1053 ea
537 1044 549 1061 ‚
586 1028 678 1063 quae
712 1014 874 1053 facienda
909 1024 1024 1062 sunt,
1058 1015 1188 1062 prohi-

48 1085 213 1132 ‘betque
240 1086 449 1122 contraria”
471 1086 555 1132 (3).
610 1086 668 1122 Fit
700 1086 747 1122 ita
774 1094 814 1122 ut
841 1096 917 1122 non
947 1085 1008 1121 uni
1035 1085 1186 1122 alterive

74 1154 123 1192 sit
146 1154 322 1203 propria,
348 1154 412 1191 sed
440 1154 494 1191 uti
520 1155 656 1201 cuique
684 1156 804 1192 eadem
822 1152 919 1203 (4),
944 1154 997 1190 sic
1020 1154 1184 1191 omnium

74 1223 124 1261 sit
148 1233 344 1261 commune
368 1224 523 1261 bonum.
544 1245 549 1247 —
571 1224 755 1272 „Quibus
781 1224 876 1260 enim
903 1223 996 1261 ratio
1020 1235 1038 1261 a
1059 1233 1187 1261 natura

72 1294 154 1331 data
178 1303 261 1340 est,
298 1293 427 1331 iisdem
466 1294 572 1330 etiam
606 1302 702 1330 recta
742 1293 833 1330 ratio
866 1295 947 1330 data
982 1302 1058 1331 est:
1097 1304 1185 1341 ergo

75 1372 110 1401 et
137 1363 224 1411 lex,
254 1375 346 1411 quae
373 1371 429 1401 est
456 1364 548 1401 ratio
577 1363 614 1400 iu
639 1363 806 1412 jubendo
835 1374 870 1400 et
898 1363 1083 1401 vetand0”
1100 1366 1184 1412 (5).

125 1434 199 1471 Sed
225 1444 338 1480 porro
369 1434 475 1471 etiam
501 1434 690 1471 audiamus
717 1435 952 1471 Ciceronem.
1007 1434 1050 1471 In
1079 1445 1189 1471 causa
1233 1427 1241 1438 ⁸

76 1502 284 1541 Miloniana
306 1504 350 1540 ad
370 1500 520 1552 Judices
545 1515 626 1541 sese
652 1513 893 1540 convertens:
936 1503 1044 1548 „Est
1072 1503 1186 1549 haec,

71 1573 276 1622 judices?
299 1573 444 1621 inquit,
472 1585 576 1619 „non
600 1575 758 1621 scripta,
784 1576 847 1610 sed
870 1582 953 1610 nata
971 1574 1051 1610 lex:
1077 1584 1184 1619 quam

76 1654 152 1681 uon
174 1644 393 1690 didicimus,
418 1644 651 1692 accepimus„
683 1644 863 1692 legimus,
900 1654 1024 1679 verum
1053 1654 1097 1680 ex
1123 1654 1187 1679 na-

76 1722 157 1752 tura
183 1713 262 1761 ipsa
290 1713 513 1761 arripuimus
531 1742 544 1760 ,
574 1711 793 1760 hausimus,
824 1714 1104 1755 expressimus:
1141 1713 1186 1749 ad

120 1830 322 1871 (1)Cie.de
342 1833 387 1861 Le
374 1843 443 1873 gg.
468 1832 545 1860 Lib.
574 1832 604 1861 Ι.
625 1843 650 1861 c
668 1834 698 1863 6
722 1832 763 1861 cf.
786 1831 861 1860 Lib.
887 1831 934 1860 11.
956 1841 983 1860 c.
1005 1831 1036 1860 4.
1076 1792 1185 1828 quam

117 1886 164 1924 (2)
190 1884 259 1914 Cic.
280 1883 341 1912 l..1
365 1884 438 1914 Lib.
462 1885 507 1915 11.
532 1896 559 1914 c.
583 1886 612 1915 6.

119 1940 256 1981 (5)1.1.
279 1939 355 1971 Lib.
379 1943 405 1971 Ι.
427 1952 454 1972 c.
475 1943 506 1972 6.
538 1958 578 1969 -·-
617 1940 741 1970 Pariter
767 1941 871 1971 Stoici
892 1940 987 1982 νόμον
1003 1939 1184 1974 σπουδαῖον

76 2010 142 2030 esse
177 1998 326 2029 dicebant
357 1998 470 2040 λόγον
500 1997 584 2039 ὄρθὸν
611 1997 713 2037 ὅντα,
756 1999 1002 2039 προςτιικτικὸν
1030 2002 1090 2039 μὲν
1119 2001 1184 2031 τῶν

74 2056 254 2094 ποιητέων,
272 2055 540 2098 ἀπαγορευτικόν
555 2057 589 2089 δὲ
606 2060 670 2088 τῶν
686 2055 721 2089 οὗ
737 2056 917 2094 ποιητέων,
937 2066 986 2094 ap.
1009 2055 1183 2086 stobaeum

80 2113 183 2142 Serm.
204 2110 320 2140 XLII.
342 2121 373 2149 p.
388 2112 518 2151 278.—
538 2110 677 2139 Eandem
699 2112 886 2138 senteutiam
907 2120 991 2139 nunc
1005 2110 1097 2142 video
1110 2111 1186 2140 lau..

79 2164 181 2194 datam
192 2166 257 2204 jam
272 2173 336 2193 esse
350 2174 366 2191 a
381 2163 513 2194 Davisio
525 2184 534 2199 ,
559 2163 614 2202 qui
627 2165 703 2192 item
719 2164 800 2193 duos
813 2163 938 2193 confert
954 2162 1097 2193 Philonis
1108 2164 1184 2203 pal-

78 2223 191 2253 marios
202 2223 291 2252 locos
309 2222 380 2262 περὶ
396 2232 428 2254 τ.
443 2234 477 2254 π.
496 2219 612 2254 ‹tn-ovs.
620 2220 738 2254 -ἐλευθ,
757 2219 840 2255 εἶναι
854 2233 887 2260 Ρ.
901 2222 973 2264 675.
984 2228 1014 2252 et
1031 2223 1070 2252 de
1083 2225 1185 2253 Jose-

72 2277 137 2317 pho
157 2287 189 2316 p.
209 2276 282 2308 414·

121 2330 169 2372 (4)
190 2330 242 2361 Cf.
252 2328 421 2360 Demosth.
430 2328 518 2359 Orat
534 2329 560 2358 Ι.
579 2331 701 2358 Contra
713 2331 863 2370 Arcstog.
874 2341 904 2370 p.
920 2341 990 2371 790.
1005 2331 1056 2360 enh
1069 2331 1184 2364 Reisk.

122 2382 338 2423 (5)c1c.11
362 2382 437 2412 Lib.
461 2383 486 2412 Ι
510 2392 536 2411 e.
561 2390 609 2410 12.
