1492 2896
242 242 292 288 76
639 237 959 287 DISQUISITIO

238 349 481 398 stinguuntur
522 355 596 384 tres
636 346 724 384 item
764 355 914 395 partes,
955 345 1112 395 singulis
1139 347 1176 384 in
1199 345 1352 385 civitate

234 418 429 457 ordinibus
468 417 762 465 respondentes,
801 419 842 457 τὸ
868 419 1069 464 λογιστικὸν
1098 416 1271 464 scilicet,
1309 419 1351 458 τὸ

233 491 405 537 θυμοειδὲς
430 496 467 525 et
492 490 531 529 τὸ
550 489 812 536 ἐπιθυμητικὸν.
833 509 885 516 —-
917 489 978 536 Τῷ
1004 489 1242 536 ἐπιθυμητικῷ
1272 486 1348 523 isto

234 556 492 608 significantur
524 569 636 605 prava
665 556 788 594 omnia
825 555 973 603 studia,
1015 557 1260 604 cupiditates,
1292 558 1351 594 lu-

231 627 406 674 bidines,
446 638 540 675 quae
580 638 655 664 non
690 627 763 664 nisi
796 625 936 665 ratione
969 638 1036 664 seu
1068 629 1116 676 τῷ
1150 630 1343 677 λογιστικῷ

232 696 366 736 frenari
393 705 579 745 possunt3
614 697 679 734 sed
704 697 838 745 pariter
866 706 978 744 atque
1010 696 1050 733 in
1072 695 1222 734 civitate
1252 696 1353 733 mul·

233 767 431 806 titudinem
462 768 541 805 sine
576 768 773 805 custodum
808 767 946 805 auxilio
981 766 1045 804 vix
1076 765 1253 804 cohibent
1277 777 1352 803 ma·

234 838 433 886 gistratus,
473 837 725 876 desiderantur
758 838 796 876 in
822 837 946 875 animo
981 840 1043 877 τοῦ
1062 839 1259 885 θυμοειδοῦς
1291 835 1351 873 vi·

232 918 316 953 res,
346 906 484 954 quibus
509 910 549 948 τὸ
580 910 785 953 λογιστικὸν
815 907 1009 955 adJuvetui·
1038 913 1075 943 et
1101 913 1346 942 sustentetur.

233 977 379 1027 Quodsi
414 977 464 1014 ita
497 977 619 1014 animo
655 985 786 1014 nostro
822 976 945 1014 omnia
984 985 1072 1014 sunt
1109 983 1351 1024 comparata,

233 1046 422 1084 harmonia
444 1047 619 1094 quaedam
646 1046 741 1084 inter
766 1046 883 1084 varias
915 1045 1010 1083 vires
1046 1044 1216 1090 obtinet,
1253 1043 1349 1080 liber

234 1125 292 1154 est
324 1116 496 1163 animus,
534 1124 645 1162 atque
678 1126 806 1152 verum
845 1124 1062 1162 rectumque
1097 1111 1246 1160 assequi
1271 1119 1352 1149 stu·

237 1186 298 1223 det
325 1185 408 1234 (ι).

284 1255 458 1303 Utraque
481 1255 593 1292 hacce
621 1253 805 1293 Platonica
829 1251 986 1301 imagine
1011 1251 1152 1300 optime
1175 1250 1350 1289 illustrari

234 1324 407 1371 videtur,
445 1336 521 1372 quo
560 1324 704 1362 tandem
730 1323 842 1360 modo
869 1323 914 1359 ad
941 1322 1114 1359 moralem
1145 1320 1348 1358 libertatem

235 1393 521 1441 perveniendum
562 1392 704 1430 homini
741 1391 807 1431 sit.
867 1391 995 1428 Bonus
1029 1390 1091 1428 ille
1129 1401 1248 1437 equus
1284 1393 1346 1430 τοῦ

234 1465 430 1510 θυμοειδοῦς
466 1462 606 1499 ,robore
642 1461 833 1506 munitus,
859 1460 993 1498 ductus
1018 1459 1173 1497 maxime
1197 1458 1273 1496 veri
1294 1469 1350 1496 re·

231 1532 360 1580 ctique
381 1543 530 1578 amore,
558 1534 664 1570 talem
680 1538 841 1578 praestat
856 1529 1059 1575 rationem,
1083 1540 1177 1576 quae
1190 1526 1349 1576 sapienti

235 1601 481 1639 moderamine
503 1601 663 1638 animum
691 1600 884 1647 gubernet.
941 1602 1060 1648 Θυμὸς
1089 1599 1159 1636 iste
1186 1610 1205 1635 a
1231 1607 1348 1646 puero

236 1671 321 1708 inde
348 1671 384 1707 in
406 1670 556 1708 homine
580 1670 677 1708 inest
693 1673 832 1714 etim,
850 1670 1032 1719 impetus,
1056 1668 1225 1705 voluntas
1239 1666 1347 1703 etiam

234 1741 294 1778 vel
318 1741 390 1778 alio
425 1740 537 1778 simili
571 1738 721 1777 nornine
754 1739 878 1775 vocari
912 1737 1059 1785 possit;
1096 1737 1160 1774 sed
1185 1736 1261 1773 veri
1293 1746 1350 1772 re-

233 1811 362 1859 ctique
396 1811 521 1848 studio
555 1810 672 1847 alatur
700 1815 848 1856 oportet
866 1833 879 1854 ,
907 1815 948 1844 ut
970 1805 1126 1844 rationis
1150 1805 1265 1854 J'ussis
1292 1805 1349 1842 lu-

237 1881 363 1920 benter
412 1881 671 1928 obsequatur,
719 1877 908 1915 harmonia
946 1877 983 1913 in
1021 1874 1144 1912 animo
1183 1875 1349 1912 obtineat

234 1952 436 2001 vigeatque
471 1954 490 1996 ἡ
526 1952 584 1991 ἐπὶ
624 1952 689 1997 μὲν
724 1955 795 1992 τοῖς
828 1951 990 1997 αἰσχροῖς
1016 1947 1197 1995 αἰσχύνη,
1226 1946 1284 1986 ἐπὶ
1310 1947 1346 1985 δὲ

233 2031 304 2067 τοῖς
330 2029 459 2066 κοιλοῑς
485 2022 702 2070 φιλοτιμίαι,
737 2019 818 2056 sine
852 2028 924 2064 qua
963 2027 1084 2063 neque
1121 2014 1251 2052 civitas
1285 2024 1350 2051 ne-

236 2104 309 2140 que
341 2094 454 2130 homo
492 2091 600 2128 etiam
633 2090 706 2127 ulla
734 2089 915 2136 praeclara
938 2086 1100 2124 facinora
1122 2085 1218 2122 edat.
1272 2083 1350 2120 Ve-

235 2173 344 2207 rum,
381 2160 482 2209 quod
516 2159 664 2207 saepius
697 2157 909 2202 inculcavi,
940 2155 975 2193 id
1003 2154 1133 2191 iterum
1164 2153 1236 2190 hoc
1263 2153 1348 2190 loco

1295 2233 1351 2260 m·

279 2352 328 2392 (ι)
353 2349 437 2381 Plat.
458 2352 496 2380 (le
518 2353 604 2391 Res).
627 2349 702 2379 Lib.
728 2348 789 2380 lv.
812 2358 847 2387 p·
866 2347 938 2378 440.
963 2346 1001 2377 Ε.
1024 2357 1097 2387 sqq.
