1492 2896
332 233 716 273 PHILOSOPHICO
728 257 744 264 -
758 234 1060 276 HISTORiCA.
1182 252 1249 288 149

200 345 325 394 Quum
365 343 479 390 igitur
518 346 566 380 ita
604 344 844 382 descivissent
888 345 931 381 ab
970 345 1067 384 avita
1113 346 1249 385 virtute

148 414 422 458 Athenienses,
454 421 493 450 ut
526 411 749 450 factionibus
771 415 960 451 continuis
987 427 1026 452 ac
1054 418 1249 454 simultati»

145 484 219 522 bus
244 483 437 532 perderent
466 483 570 530 plane
595 483 778 520 civitatem
797 511 808 528 ‚
850 495 943 529 quae
978 485 1098 533 legum
1135 484 1247 523 fuerit

142 552 405 599 observantia,
447 564 538 599 quae
569 552 788 600 judiciorum
831 552 951 596 ratio,
995 556 1051 591 vel
1085 566 1140 591 me
1169 567 1244 592 non

144 631 315 661 monente
342 621 600 668 unusquisque
628 622 806 658 continuo
835 622 1020 670 intelligit.
1072 624 1248 662 Immuta·

143 700 214 730 tam
240 692 336 729 enim
363 691 544 738 regiminis
569 689 746 738 formam,
770 703 886 740 quam
903 693 1019 729 nolon
1044 695 1247 731 constitue›

142 769 224 808 rat,
267 761 376 799 modo
406 762 477 810 jam
510 761 724 797 memoravi.
781 762 941 798 Exstitit
966 771 1084 799 autem
1113 774 1242 810 postea

141 832 288 877 Cleon,
322 831 386 878 qui
416 839 456 868 ut
481 841 604 867 orator
632 839 706 867 erat
731 831 819 868 satis
849 831 1052 878 eloquens,
1087 833 1137 869 ita
1166 843 1245 871 tur-

143 902 335 939 bulentum
366 910 407 937 se
436 900 550 938 civem
584 908 767 946 praestare
796 901 938 945 solebat
960 901 1028 949 (ι)
1054 911 1090 939 et
1121 903 1243 940 derna-

140 969 270 1018 gogica
291 978 367 1007 arte
388 980 477 1006 usus
499 969 761 1014 rempublicam
786 968 862 1007 fere
883 970 1090 1007 dilacerare.
1130 972 1237 1008 Sum-

142 1049 199 1075 ma
228 1038 324 1076 enim
350 1048 468 1075 rerum
499 1050 518 1074 a
550 1038 782 1085 principibus
820 1039 857 1076 in
894 1040 1041 1077 civitate
1081 1041 1168 1077 viris
1200 1043 1245 1080 ad

96 1150 99 1151 ⁷
140 1107 293 1156 opifices
319 1115 354 1144 et
376 1106 524 1144 infimos
551 1118 725 1153 quosque
751 1117 988 1155 pervenerat,
1019 1112 1081 1156 qui
1109 1120 1146 1147 et
1170 1113 1242 1159 ipsi

143 1178 308 1216 mercede
354 1175 460 1223 quasi
507 1177 680 1213 conducti
720 1178 919 1215 conciones
960 1179 1243 1225 frequentabant

138 1250 284 1295 suaque
314 1245 515 1294 petulantia
549 1246 668 1284 bonos
700 1258 826 1284 onmes
857 1248 1055 1294 arcebant,
1095 1257 1134 1285 ut
1163 1258 1243 1285 tan-

139 1319 219 1356 dem
246 1318 391 1355 armatis
416 1326 512 1354 esset
536 1302 655 1363 copiis
679 1328 774 1364 opus
790 1345 802 1363 ‚
830 1329 923 1364 quae
948 1326 984 1354 et
1012 1320 1171 1364 quietem
1203 1320 1240 1355 in

139 1387 384 1425 concionibus
412 1395 596 1422 servarent
624 1397 664 1422 ac
693 1386 992 1433 tranquillitatem
1009 1415 1022 1433 ,
1044 1397 1080 1424 et
1103 1387 1242 1425 invitos

139 1458 176 1495 vi
204 1458 249 1494 ad
271 1468 331 1494 eas
355 1454 637 1502 frequentandas
664 1465 837 1503 cogerent
860 1457 947 1505 (α).
1005 1458 1055 1495 Ea
1084 1458 1244 1504 denique

139 1536 213 1564 erat
238 1525 467 1573 temporibus
489 1525 562 1562 illis
587 1513 765 1561 libertatis
789 1526 954 1562 conditio
976 1553 988 1572 ,
1018 1536 1057 1562 ut
1082 1527 1243 1574 quisque

137 1597 240 1644 quod
263 1596 394 1640 vellet,
419 1605 495 1630 non
520 1596 623 1640 quoti
646 1596 793 1631 deberet
816 1605 852 1631 et
879 1607 897 1631 e
921 1607 959 1631 re
983 1607 1081 1633 esset
1106 1599 1242 1643 patriae

134 1677 241 1713 agere
267 1667 414 1709 mallet,
446 1665 555 1700 modo
579 1666 646 1701 sual
676 1674 771 1701 esset
803 1667 982 1712 opinione
1007 1666 1113 1703 liber.

192 1736 289 1772 Haec
317 1734 437 1771 omnia
468 1735 666 1780 respiciens
694 1734 816 1771 noluit
843 1737 966 1780 Plato‚
1000 1746 1040 1772 ut
1065 1737 1143 1781 ipse
1169 1746 1242 1773 tes-

138 1815 261 1848 tatur,
288 1803 549 1850 rempublicam
574 1814 777 1848 capessere.
834 1831 856 1848 „
874 1808 926 1844 Οὐ
949 1808 1020 1853 γὰρ
1047 1807 1098 1844 ἔτι
1116 1806 1157 1850 ,”
1186 1807 1241 1843 in-

1131 1876 1240 1922 quir,

139 1967 284 1998 sortem,
319 1971 356 1990 cx
390 1961 491 1990 turbis
523 1961 591 1990 istis
627 1961 775 1992 civilibus
812 1962 844 1991 in
882 1967 1043 2000 posterum
1083 1964 1239 2003 imprimis

138 2022 261 2051 natam,
286 2019 351 2044 tum
365 2016 565 2049 attenderet,
593 2019 659 2044 tum
680 2016 808 2054 scriptis
833 2017 898 2046 suis
920 2018 1123 2055 exprimeret.
1159 2019 1239 2049 lude

136 2072 182 2105 uti
197 2068 372 2113 ⁴repetenda
393 2068 453 2096 alia
475 2069 513 2096 (le
535 2069 673 2098 civitatis
694 2070 851 2099 felicitate
873 2077 1040 2109 praecepta
1067 2077 1138 2101 suut
1155 2093 1163 2107 ,
1191 2074 1236 2102 ita

135 2124 269 2154 maxime
294 2133 374 2161 quae
399 2122 432 2150 iu
458 2121 551 2151 libris
576 2123 613 2151 de
633 2125 716 2162 Περ.
741 2124 778 2151 de
804 2124 920 2153 civium
947 2126 1116 2154 concordia
1137 2125 1236 2155 dedit,

137 2178 249 2218 Neque
274 2177 334 2205 alia
359 2175 455 2205 fuisse
481 2175 646 2205 Ciceronis
673 2177 753 2207 ralio
778 2177 917 2207 videtur.

179 2232 226 2271 (1)
250 2231 318 2260 Cic.
339 2231 372 2258 iu
398 2232 495 2259 Brut.
519 2239 545 2258 c.
569 2240 599 2268 7.

179 2285 225 2322 (2)
249 2284 323 2313 Rem
354 2293 390 2311 ex
415 2283 555 2322 anitiquis
584 2283 704 2322 egregie
731 2283 887 2322 explicuit
913 2283 965 2315 CI.
988 2285 1107 2315 Lucae.
1131 2286 1151 2316 i.
1169 2286 1187 2315 Ι.
1205 2286 1239 2322 itt

139 2338 231 2367 anim.
253 2346 285 2375 p.
305 2337 374 2366 ωδ.
397 2347 468 2375 sqq.
