1492 2896
299 273 356 318 ¹30
411 274 451 319 J.
465 274 510 318 L.
525 273 571 317 C.
588 270 941 317 SCHROEDER
956 283 1058 315 vn«
1073 285 1169 315 mm
1184 272 1342 318 KOLK

355 415 392 458 A
420 413 606 457 tristibus
641 412 693 456 ad
721 412 872 470 justum
907 411 1043 469 gaudi-i
1084 427 1245 456 sensum
1281 426 1407 458 men-

299 500 359 536 tes
401 497 568 534 nostras
617 489 904 543 remittamus3
965 489 1188 542 nonnulia,
1246 488 1402 546 quibus¹

298 582 440 611 amara
481 573 789 622 temperentur,
842 565 923 621 jam
965 564 1198 623 attigimus,
1253 566 1403 623 plura,

301 658 434 700 caque
474 640 696 687 laetissima
717 676 728 697 ‚
756 641 1120 686 commemoranda
1142 650 1314 687 restant.
1335 658 1337 661 ·
1355 640 1406 687 Si

300 720 410 764 enim
454 720 508 762 ad
559 726 737 763 vestrum
801 718 1003 763 Ordinem
1060 733 1126 762 me
1180 725 1405 773 converto,

298 797 388 840 Viri
429 795 679 848 Clarissimi,
714 786 905 851 Collegae
950 793 1298 849 conjunctissimi!
1330 804 1405 839 vos

300 873 436 917 salvos
467 887 582 925 esse,
613 879 654 915 et
678 886 804 915 unum
835 872 897 914 vel
917 871 1088 915 alterum
1119 871 1270 924 modo,
1293 872 1405 928 quod

301 949 514 1002 dolemus,
546 947 817 1000 valetudinis,
848 961 926 991 nec
956 947 1092 1005 gravis
1127 954 1271 992 tamen·
1303 957 1408 992 cau-

299 1041 345 1070 sa
381 1025 450 1069 hic
477 1025 652 1074 abesse,
698 1024 961 1081 maioresque
991 1031 1116 1077 natu,
1160 1025 1231 1080 qui
1264 1025 1408 1069 hono-

298 1102 411 1147 rifica
449 1102 586 1158 quiete
634 1102 850 1152 fruuntur,
910 1114 993 1159 pro
1040 1100 1196 1144 viribus
1246 1100 1404 1145 Civium

300 1178 421 1221 saluti
458 1178 672 1221 consulere
694 1175 907 1236 potuisse,
941 1190 1085 1221 omnes
1109 1176 1212 1220 boni
1245 1191 1406 1222 mecum

307 1255 525 1298 laetantur.

354 1331 547 1375 Graviter
581 1344 682 1374 vero
719 1329 927 1381 dolemus,
974 1344 1042 1373 me·
1079 1328 1156 1373 hac
1185 1330 1406 1375 occasione

299 1407 544 1451 valetudinis·
572 1406 706 1450 minus
745 1421 974 1465 prosperae
1008 1421 1130 1450 causa
1168 1406 1406 1459 desiderare

301 1499 462 1537 senem,
479 1498 636 1527 summe
660 1483 961 1536 venerandum,
987 1482 1260 1541 Heringam
1275 1516 1286 1538 ,
1303 1500 1404 1544 sep-

299 1560 582 1618 magenarium
616 1567 655 1603 et
685 1575 707 1602 a
739 1560 854 1617 Rege
880 1559 1185 1617 Angustissimo
1215 1560 1296 1604 hoc
1323 1577 1403 1605 an-

301 1652 356 1682 no
394 1636 702 1696 perhonorifice
731 1636 832 1679 rude
867 1635 1076 1680 donatum.

358 1714 472 1772 Quid
514 1713 556 1756 in
602 1720 811 1756 senectute
852 1712 1069 1768 jucundius
1112 1727 1200 1757 esse
1235 1720 1403 1771 potest,

302 1805 425 1848 quam
473 1789 724 1834 conscientia
764 1789 870 1833 bene
912 1796 1029 1832 acta-e
1070 1789 1206 1841 vitae,
1251 1791 1406 1834 multo-

301 1883 474 1925 rumque
516 1868 825 1911 henefactorum
869 1865 1119 1909 recordatio.
1183 1889 1232 1896 -ν
1292 1866 1405 1911 Haec

302 1943 555 1989 conscientia
610 1949 736 2000 atque
790 1941 1025 1986 recordatio
1082 1948 1126 1985 nt
1184 1941 1265 2001 ips-i
1309 1958 1404 1988 vere

301 2022 410 2075 sint,
465 2020 578 2064 omni
618 2019 756 2063 studio
799 2033 875 2078 per
905 2034 1022 2062 suam
1066 2017 1192 2062 vitam>
1233 2027 1405 2065 conatus

299 2098 399 2150 suit,
440 2105 563 2154 atque
609 2096 827 2140 conatibus
872 2096 956 2139 suis
998 2095 1142 2139 annuit
1177 2095 1302 2141 Deus.
1347 2122 1405 2133 --

301 2175 359 2219 Ut
398 2174 476 2216 alia
510 2182 696 2224 taceam,
737 2187 912 2230 quorum
952 2172 1187 2216 recordatio
1223 2173 1403 2229 jucunda

302 2258 386 2302 est,
419 2250 533 2294 testis
567 2257 629 2293 est
655 2257 798 2293 nostra
835 2249 1072 2294 Academia.
1104 2273 1160 2284 —-
1190 2251 1401 2308 Quantum

302 2329 345 2372 in
388 2342 437 2371 co
479 2328 582 2379 fuit,
635 2341 799 2384 semper
838 2326 879 2369 id
921 2326 1022 2384 egit,
1064 2334 1108 2370 ut
1152 2327 1252 2372 haee
1286 2331 1402 2385 opii·-
