1492 2896
283 257 325 291 τε
551 256 1054 304 ,ΑΒΝοΤΑΤΙα

323 391 364 423 Η
392 390 602 424 Vestimenta
624 391 739 431 varia,
768 391 859 436 pilea
881 401 1016 436 pannea
1039 396 1107 425 ete.
1134 389 1374 425 confecerunt.

321 450 452 483 Deinde
477 450 547 484 duo
571 450 661 484 fabri
686 450 829 495 lignarii
852 449 997 484 Maniaci
1019 450 1181 485 fabricati
1214 457 1296 485 sunt
1331 452 1374 485 71⁶

270 511 407 545 diversa
420 511 583 546 utensilia
598 538 605 552 ‚
625 517 664 545 ut
683 522 816 545 mensas
830 538 838 553 ,
856 510 959 545 sellas
971 536 979 552 ,
997 510 1160 545 subsellia
1174 537 1182 553 ,
1198 511 1348 546 scabella
1361 537 1370 553 ,

270 577 379 617 atque
414 572 478 607 109
505 572 670 606 utensilia
695 577 907 617 repararunt
928 576 995 606 ete.

313 631 439 665 Eodem
464 637 618 678 tempore
635 632 673 665 ll
698 632 881 666 Foeminae
906 631 1084 665 ediversis
1111 631 1275 666 classibus
1303 632 1370 667 705

268 691 360 725 ulnis
388 692 488 726 lintei
524 698 632 738 atque
658 693 812 739 Gossypii
839 703 920 727 usae
943 691 1090 726 fuerunt
1121 691 1165 725 ad
1187 693 1366 737 stragula,

265 752 363 793 vela,
398 752 607 787 vestimenta
639 754 778 799 aliaque
811 765 877 788 acu
913 752 1151 795 conficienda3
1189 758 1372 798 praeterea

262 812 364 858 plura
400 812 533 847 tibialia
558 819 722 847 contexta
758 819 858 857 sunt3
885 813 928 847 ad
952 824 1039 859 quos
1059 813 1197 847 labores
1218 813 1371 859 diligen-

264 873 367 906 tiores
391 873 554 919 praemiis
585 875 701 919 parvis
726 879 833 919 atque
856 874 1120 909 delectamentis
1139 873 1366 915 alliciuntur,

260 941 296 968 et
337 933 630 976 exstimulantur,
687 947 879 982 numquam
913 935 948 969 vi
985 941 1171 981 coguntur.
1219 935 1370 970 Ditiores

260 995 351 1029 ludis
372 995 537 1037 diversis,
567 996 766 1041 pingendo,
795 996 948 1031 Musicen
974 995 1191 1037 exercendo,
1219 995 1369 1041 aliisque

257 1062 495 1101 occupantur-3
530 1062 712 1102 praeterea
747 1056 966 1091 Bibliotheca
1002 1067 1110 1102 parva
1139 1055 1209 1089 illis
1244 1061 1362 1101 patet,

257 1122 364 1160 atque
387 1128 476 1150 unus
499 1127 542 1149 ex
568 1116 610 1150 iis
634 1116 900 1150 Bibliothecarii
924 1116 1001 1150 vice
1020 1115 1195 1160 fungitur.

303 1175 391 1209 Cura
423 1175 530 1220 hujus
562 1175 755 1210 Nosocomii
792 1181 925 1222 septem
960 1175 1202 1215 Curatoribus,
1238 1175 1366 1220 quibus

255 1247 320 1280 ego
358 1235 430 1281 ipse
464 1236 690 1277 adnumeror,
740 1236 949 1270 demandata
981 1242 1044 1270 est.
1094 1237 1278 1270 Praeterea
1311 1242 1364 1270 est

254 1295 375 1330 Medic.
414 1296 511 1330 Doct.
541 1297 601 1330 Vir
626 1296 843 1331 doctissimus
867 1297 908 1331 N.
932 1297 968 1331 Ρ.
1006 1296 1263 1338 Visscher,
1299 1297 1361 1342 qui

252 1356 411 1401 quotidie
436 1357 606 1390 Maniacos
644 1357 773 1391 visitat.
800 1376 847 1381 —
871 1358 913 1391 In
935 1357 1010 1402 ipso
1041 1356 1200 1391 aedificio
1227 1357 1363 1392 habitat

250 1418 464 1452 Oeconomus
485 1417 632 1462 ejusque
647 1428 735 1451 uxor
747 1443 754 1457 ,
774 1417 901 1462 quibus
916 1429 1034 1451 rerum
1047 1417 1281 1462 gerendarum
1294 1430 1357 1452 eu-

251 1489 288 1510 ra
302 1482 354 1510 est
368 1504 376 1518 ,
405 1482 444 1511 ut
469 1488 508 1511 ea
523 1503 531 1518 ‚
556 1488 646 1523 quae
660 1488 678 1511 a
694 1477 922 1512 Curatoribus
947 1483 1054 1524 atque
1074 1489 1094 1512 a
1117 1477 1240 1513 Medic.
1265 1478 1355 1513 Doc-

251 1544 327 1571 tore
344 1538 441 1583 jussa
468 1544 568 1578 sunt,
599 1544 825 1587 peragantur.

294 1598 392 1631 Inter
417 1609 475 1638 ea,
516 1610 606 1643 quae
633 1598 668 1631 in
706 1598 972 1632 administrandi
1004 1600 1140 1633 ratione
1171 1598 1354 1633 emendata

245 1665 345 1699 sunt,
376 1658 536 1704 inprimis
562 1659 785 1692 referendum
813 1665 884 1699 est⁷
903 1658 997 1704 quod
1018 1659 1105 1693 haec
1129 1659 1353 1694 administra-

247 1719 294 1753 tio
329 1717 375 1752 ita
409 1719 503 1752 inter
539 1719 723 1753 Curatores
749 1719 858 1753 divisa
890 1718 1020 1761 suerit,
1051 1725 1091 1754 ut
1114 1719 1261 1754 cuilibet
1291 1731 1352 1754 sua

244 1792 322 1825 pars
345 1780 380 1813 in
406 1791 444 1813 ea
470 1780 577 1813 suerit
603 1779 794 1813 commissa.

291 1840 382 1873 Unus
411 1839 568 1873 aedificio
601 1844 759 1885 praeest,
802 1839 887 1885 quid
920 1839 1176 1873 conficiendum
1211 1840 1269 1874 vel
1291 1849 1347 1873 re-

243 1900 433 1945 parandum
458 1901 517 1940 sit,
536 1906 658 1941 curat,
687 1900 812 1945 hisque
831 1900 874 1933 de
896 1900 1000 1933 rebus
1020 1912 1100 1934 eum
1123 1900 1347 1941 Architecto‚

245 1961 521 2007 redemptoribus
543 1967 649 2005 atque
677 1961 860 2006 opificibus
882 1960 1078 2004 deliberat;
1103 1960 1275 1995 secundus
1297 1961 1350 1994 rei

243 2021 456 2055 nummariae
475 2025 610 2066 praeest
628 2033 636 2064 ;
652 2021 778 2054 tertius
795 2020 950 2055 Actuarii
961 2020 1206 2066 vieefungitur
1217 2034 1226 2064 3
1239 2033 1345 2067 quar-

240 2091 295 2116 tus
333 2083 383 2116 rei
420 2081 659 2115 alimentariae
684 2081 872 2126 prospicit,
912 2081 1021 2126 idque
1044 2080 1204 2126 inprimis
1225 2087 1344 2123 curat,

242 2149 277 2175 ιιί
305 2142 372 2175 cibi
401 2142 521 2187 optimi
536 2168 543 2182 ,
562 2141 716 2175 salubres
730 2167 737 2181 ,
767 2153 786 2174 a
812 2140 1054 2175 venditoribus
1073 2140 1210 2174 modico
1231 2142 1347 2186 pretio

239 2203 526 2249 suppeditentur,
572 2210 610 2235 nt
647 2202 735 2234 bene
782 2207 1036 2246 praeparentur
1068 2207 1134 2235 etc.
1173 2201 1343 2246 quintus,

239 2276 325 2308 quae
353 2264 391 2296 ad
417 2264 622 2296 vesti-uenia
647 2265 874 2300 reseruntur,
901 2262 1139 2301 administrat,
1170 2273 1260 2306 quae
1279 2262 1342 2296 ad-

238 2324 445 2357 anui-aratio
477 2323 545 2356 late
576 2329 705 2368 patet„
731 2323 895 2367 quonium
924 2322 1066 2356 Maniae}
1107 2333 1147 2355 cx
1182 2322 1342 2357 inferiori
