1492 2896
294 237 341 285 ⁵8
686 232 1007 285 mststTto

293 355 388 391 quae
421 355 458 381 re
490 354 575 381 vera
610 342 661 381 sit
694 342 863 389 libertas,
901 353 978 381 non
1008 342 1081 381 nisi
1111 343 1253 382 ratione
1279 351 1400 383 status

294 411 450 462 intelligi
484 424 597 462 posse
641 412 804 452 videtur.
858 411 1005 462 Quodsi
1043 413 1279 461 quaerimus,
1313 412 1401 462 quis

292 493 412 523 status
454 483 529 531 sit,
566 495 660 531 quae
694 482 861 521 conditio
895 482 1103 530 libertatis,
1141 483 1212 521 hoc
1253 483 1303 521 ita
1343 491 1400 521 est

300 554 599 604 expediendum,
639 563 680 591 ut
713 553 896 591 dicamus:
935 552 1053 591 Liber
1077 562 1156 592 tum
1181 552 1323 593 demum
1350 562 1404 592 est

291 624 466 663 dicendus
505 626 578 663 sive
616 624 715 661 homo
750 635 811 661 seu
845 622 1031 674 populus,
1083 635 1195 672 quum
1234 635 1305 662 non
1333 624 1404 661 im-

286 695 468 748 peditur,
508 708 578 745 quo
614 696 733 731 minus
763 694 918 742 faciat,
957 691 1056 743 quod
1084 693 1220 741 facere
1254 691 1400 731 debeat.

292 766 515 815 Intelligitur
552 766 639 802 haec
676 762 855 802 libertatis
892 763 998 801 notio
1037 762 1225 809 maxime,
1253 762 1402 810 quando

291 837 408 885 ipsam
445 847 531 872 cum
571 834 752 872 servitute
786 843 1058 881 comparamus.
1133 831 1234 870 Haec
1270 830 1404 880 utique

292 917 369 945 non
398 907 461 956 jus
493 913 581 952 est,
615 915 691 942 non
722 904 905 950 facultas,
939 914 1016 940 non
1043 902 1310 951 privilegium3
1337 901 1404 940 sed

293 987 335 1014 ea
357 985 415 1014 est
437 975 600 1014 hominis
621 974 811 1021 conditio,
836 986 907 1021 qua
929 975 988 1012 vel
1011 973 1170 1022 physica
1194 973 1253 1011 vel
1273 971 1406 1011 morali

294 1046 436 1084 ratione
475 1057 558 1083 eum
602 1045 639 1082 in
679 1045 828 1082 modum
870 1044 1111 1089 continetur,
1164 1051 1208 1081 ut
1249 1052 1406 1090 prorsus

293 1115 509 1164 prohibitus
545 1115 620 1160 sit,
659 1114 860 1162 quominus
899 1126 965 1151 sua
999 1122 1163 1162 peragat.
1229 1111 1405 1151 Similiter

295 1185 340 1223 de
367 1185 538 1223 libertate
568 1186 800 1222 statuendum
836 1192 921 1222 est:
956 1193 1076 1221 status
1103 1194 1187 1229 est,
1219 1193 1297 1220 non
1311 1181 1406 1230 jus,·

296 1257 361 1294 sed
384 1255 414 1293 is
439 1263 581 1300 status,
615 1265 691 1301 quo
717 1253 898 1291 immunes
922 1265 1050 1291 sumus
1073 1262 1195 1290 rerum
1215 1251 1406 1298 omnium,

296 1337 390 1373 quae
415 1336 485 1363 nos
512 1324 736 1372 impediant,
768 1324 971 1370 quominus
995 1321 1197 1368 faciamus,
1223 1320 1328 1368 quod
1351 1319 1408 1358 fa-

295 1406 379 1433 eere
406 1394 559 1432 omnino
597 1393 801 1431 debeamus.
869 1393 965 1431 Nam
1001 1396 1031 1429 si
1065 1404 1105 1430 v.
1130 1403 1167 1430 c.
1206 1390 1408 1438 unicuique

296 1473 466 1503 nostrum
502 1475 607 1512 agere
641 1463 767 1501 liceret
804 1462 841 1499 in
883 1462 1058 1508 civitate,
1099 1461 1407 1509 quemadmodum

297 1535 378 1585 ejus
409 1533 522 1572 ferret
558 1535 760 1579 voluntas,
795 1533 896 1570 nulla
932 1542 1087 1579 prorsus
1116 1540 1212 1568 esset
1243 1529 1408 1568 libertas.

298 1606 384 1655 Qua
418 1605 514 1642 enim
553 1604 693 1641 ratione
733 1603 772 1640 in
807 1601 899 1639 alios
933 1612 1004 1638 nos
1035 1611 1254 1649 ageremus,
1285 1600 1410 1638 eadem

299 1675 354 1712 illi
389 1685 541 1722 quoque
571 1675 607 1711 in
641 1683 710 1710 nos
735 1680 883 1721 agerent
910 1679 946 1709 et
976 1681 1165 1718 nunquam
1190 1681 1311 1717 neque
1336 1668 1411 1717 ipsi

299 1736 337 1782 in
366 1752 450 1782 tuto
473 1743 610 1781 versari
638 1753 835 1791 possemus
850 1769 863 1788 ,
894 1751 1016 1788 neque
1041 1741 1138 1778 bona
1162 1748 1290 1778 nostra
1314 1746 1412 1777 tran-

300 1813 414 1862 quille
440 1814 644 1862 possidere.

351 1884 484 1924 Paucis
533 1884 634 1922 hisce
676 1883 718 1919 de
767 1880 946 1919 libertatis
998 1880 1153 1918 notione
1197 1880 1236 1917 in
1282 1889 1413 1928 genere

302 1954 563 2004 praemonitis,
609 1954 724 2002 ipsam
762 1952 799 1989 in
833 1952 986 1989 hominis
1021 1959 1057 1988 et
1086 1951 1215 2002 populi
1254 1962 1322 1988 seu
1360 1954 1413 1988 ct·-

302 2027 434 2063 vitatis
472 2025 677 2063 libertatem
719 2022 929 2061 distinctam
968 2022 1040 2070 jam
1081 2020 1262 2059 continuo
1301 2030 1416 2069 expo·

302 2106 450 2140 namus.
