1492 2896
446 261 834 308 ORATlo.
1151 262 1198 299 11

88 413 152 458 lim
169 408 361 469 egregius
390 406 561 453 Pinel
604 403 897 454 immortalem*
917 400 997 445 sibi
1029 400 1202 458 gloriam

92 486 378 548 comparavit,
408 483 478 540 qui
505 482 665 541 primus
691 480 842 524 horum
872 492 1061 522 carceres
1098 491 1205 536 ape-

91 565 213 620 ruit‚.
246 571 414 608 catenas
453 568 578 617 atque
615 555 1030 614 vinculndiffregit,
1080 563 1209 613 atque

92 642 391 689 humanitatem
410 646 460 685 et
484 634 815 685 benevolentiam
832 663 834 665 »
852 634 896 677 in
925 634 1090 684 illorum
1124 633 1206 676 ha-
1230 675 1232 678 ,

91 720 277 765 bitacula
321 716 513 768 induxit,
559 714 686 770 >idque
723 713 781 758 ita
807 711 971 770 egregie
996 710 1206 770 perfecit,

92 804 151 842 ut:¹
185 793 496 855 frugiferahac
537 800 575 836 et
614 791 815 839 benevola
850 790 949 832 cura
981 802 1067 831 non
1098 803 1208 846 pau-

96 889 170 920 cos
212 873 266 918 ad
305 871 522 917 sanitatem
552 869 787 912 restitueret
828 867 991 923 sibique
1039 866 1207 922 suisque

95 951 303 996 redderet.
352 973 410 983 —
454 946 634 1005 Egregia
662 959 761 989 sane
791 945 897 987 laus!
944 943 1208 987 Praeclaram

96 1028 205 1073 enim
242 1026 480 1070 humanitas
508 1032 631 1080 atque
671 1022 891 1081 disciplina
927 1022 978 1065 de
1011 1021 1209 1065 barbarie

95 1103 326 1165 reportavit
344 1102 585 1147 victoriam.

152 1184 293 1227 Tanto
316 1180 505 1238 exemplo
533 1177 699 1222 excitati
720 1176 912 1235 inprimis
941 1175 1098 1219 Galliae
1117 1177 1211 1218 An-

97 1261 202 1320 gliae
225 1267 265 1304 et
297 1257 545 1303 Germaniae
578 1254 730 1299 Medici
772 1254 858 1311 ejus
884 1251 1053 1310 vestigia
1091 1252 1209 1310 sequi

96 1338 387 1388 instituerunt,
401 1334 721 1389 crudelibusque
738 1339 777 1376 et
789 1330 979 1376 nefandis
990 1330 1070 1374 illi-s
1086 1346 1156 1374 vex
1163 1347 1207 1375 a-

99 1414 283 1459 tionibus
314 1420 480 1457 strenue
509 1425 598 1455 sese
621 1417 931 1469 opposuerunt3
962 1408 1062 1465 quin
1090 1409 1212 1451 eliam

100 1495 240 1552 Reges
272 1499 398 1549 atque
431 1491 712 1549 Imperatores
737 1488 900 1530 illorum
930 1486 1097 1529 monitis
1129 1486 1214 1529 ob-

99 1577 347 1629 sequentes,
406 1569 501 1612 loco
552 1580 766 1610 carcerum
816 1565 1069 1608 Nosocomia
1132 1579 1214 1623 pro

100 1655 238 1693 mente
278 1645 463 1691 alienatis
490 1644 795 1694 condiderunt,
830 1649 954 1698 atque
990 1650 1089 1700 apta
1119 1642 1213 1695 illa,

102 1725 257 1778 nitida,
286 1724 450 1782 ampla,
481 1721 678 1781 spatiosis
705 1720 839 1764 hortis
879 1721 932 1763 ad
974 1723 1110 1764 adrem
1142 1736 1217 1764 sa·-

103 1803 264 1847 lubrem
290 1800 565 1845 hauriendum
583 1831 595 1852 ,
627 1797 902 1857 corporisque
929 1804 1067 1840 motus
1091 1797 1215 1840 insti-

105 1879 284 1923 tuendos
315 1884 490 1930 ornata,
520 1875 799 1931 omnibusque
837 1873 996 1917 auxiliis
1025 1881 1065 1917 et
1096 1888 1218 1918 com-

105 1954 243 2000 modis
269 1955 499 2006 instructa,
536 1953 686 2009 quibus
719 1951 879 1997 animus
909 1951 1129 2010 depressus
1162 1954 1216 1996 ad

107 2023 272 2092 gratum
310 2033 493 2076 Naturae
518 2029 802 2089 spectaculum
831 2030 1113 2086 «gustandum,
1153 2031 1218 2075 vel

109 2111 164 2155 ad
204 2110 372 2154 labores
409 2108 517 2152 allici
548 2107 708 2166 possit,
763 2105 1010 2164 idoneisque
1047 2107 1236 2167 insuperv

111 2195 152 2232 et
191 2186 435 2232 necessariis
485 2183 746 2229 adminiculis
789 2184 1005 2242 praedita,
1066 2186 1218 2244 quibus

109 2263 325 2309 furibundi
368 2264 505 2307 minus
555 2262 758 2308 violenter
812 2262 1219 2320 constringerentur,

112 2357 235 2398 quam
271 2341 532 2386 solummodo
563 2338 889 2399 impedirentur,
921 2355 973 2384 ne
1005 2340 1086 2386 sibi
1106 2341 1220 2385 aliis-
