1492 2896
288 275 342 314 10
380 271 421 316 J.
438 271 484 315 L.
503 269 549 315 C.
569 268 926 314 SCHROEDER
941 279 1043 312 vAN
1058 281 1155 313 nnn
1170 267 1332 314 KOLK

340 413 436 471 Ipsa
459 419 597 455 tamen
621 410 831 455 Medicina
850 417 973 467 atque
994 410 1271 469 Psychologia
1291 425 1388 455 ma-

281 490 343 548 gis
366 488 581 546 magisque
611 487 806 540 excultis,
838 487 988 532 clarius
1012 487 1173 546 patuit,
1202 486 1387 532 Maniam

279 581 367 611 esse
411 566 605 609 morbum
653 565 909 609 humanitate
956 571 996 608 et
1042 571 1139 623 apta
1181 564 1388 609 medicina

276 658 402 703 saepe
443 643 698 694 sanabilem,
748 641 863 699 quod
893 641 1034 700 plures
1073 641 1228 700 prioris
1262 640 1390 686 seculi

272 720 427 767 Medici
450 720 642 779 inprimis
665 718 810 777 Angli,
840 719 899 762 uti
917 718 1142 771 Arnold,
1166 717 1389 762 Chrich-

273 807 387 851 ton,
417 797 623 848 Willis,
661 797 870 840 Pei-fect
893 795 995 854 (10)
1026 795 1175 853 aliique
1213 795 1387 854 egregiis

274 875 358 919 suis
409 873 794 931 investigationibus
847 880 886 917 et
932 874 1169 932 praeceptis
1219 874 1387 919 abunde

272 952 521 1012 probarunt.
555 975 604 981 ·-
637 951 714 994 Ast
735 964 833 994 vero
862 950 1013 993 horum
1041 951 1224 995 virorum
1255 965 1389 1010 expe-

272 1029 423 1075 rientia
458 1027 589 1085 magis
621 1027 766 1086 paucis
794 1027 871 1071 illis
897 1028 1101 1072 Maniacis
1118 1060 1130 1081 ,
1163 1028 1233 1085 qui
1261 1029 1386 1087 ipso-

273 1121 363 1149 rum
392 1119 515 1149 curae
545 1111 662 1147 erant
689 1103 922 1156 commissi,
955 1119 1080 1160 quam
1106 1104 1276 1161 reliquis
1306 1104 1384 1148 iis-

274 1196 355 1238 que
396 1182 519 1238 longe
563 1180 751 1239 plurimis
799 1194 894 1224 vere
931 1180 1102 1239 profuit.
1187 1182 1385 1225 Nosoco-

271 1260 379 1311 mia,
428 1273 534 1315 quac
564 1265 700 1301 mente
729 1257 916 1301 alienatis
946 1257 1088 1315 priore
1127 1258 1268 1301 seculo
1300 1258 1386 1302 ad-

272 1337 550 1388 hibebantur,
582 1335 808 1378 admodum
838 1349 933 1377 rara
966 1342 1111 1386 erant,
1154 1342 1279 1391 atque
1315 1335 1382 1379 vix

269 1416 352 1459 hoc
385 1414 553 1457 nomine
585 1412 736 1470 digna3
771 1413 893 1470 longe
924 1410 1111 1469 plurimis
1141 1410 1247 1455 enim
1278 1411 1381 1455 locis

268 1490 448 1536 Maniaci
482 1489 726 1538 ‚carceribus
764 1496 803 1532 et
842 1489 1029 1532 cavernis
1052 1488 1252 1546 angustis
1296 1489 1382 1533 ob-

268 1568 426 1620 scuris,
457 1582 581 1625 saepe
613 1565 890 1610 foetidissimis
932 1565 1172 1624 putidisque
1206 1566 1379 1616 inclusi,

270 1661 403 1703 neque
429 1645 518 1688 luce
552 1643 707 1695 solari,
739 1658 874 1699 neque
911 1645 1005 1686 aere
1035 1642 1215 1695 salubri,
1244 1657 1379 1699 neque

268 1732 384 1768 motu
421 1721 638 1780 corporis,
701 1735 806 1776 quae
844 1720 895 1763 ad
938 1719 1194 1763 sanationem
1238 1718 1378 1772 utilia,

269 1803 369 1859 quin
411 1799 644 1844 necessaria
689 1805 811 1849 sunt,
862 1797 939 1840 frui
981 1804 1202 1855 poterant3
1249 1796 1378 1853 quid,

267 1894 352 1924 non
378 1879 503 1938 pauci
534 1877 782 1920 famulorum
813 1874 1092 1933 impudentiae
1129 1881 1168 1917 et
1196 1873 1379 1917 crudeli-

268 1956 362 2007 tati,
415 1954 605 2013 vulgique
651 1951 879 1997 curiositati
921 1951 1124 2010 expositi,
1178 1958 1376 2007 tanquam

267 2040 454 2077 monstra
489 2031 702 2075 horrenda
736 2045 756 2074 e
784 2029 981 2075 societate
1012 2028 1191 2072 humana
1226 2028 1376 2086 depul-

268 2125 340 2161 sa,
371 2110 460 2154 sine
491 2109 609 2152 ullius
641 2107 793 2152 Medici
826 2106 947 2166 periti
981 2105 1267 2158 auxilio-‚tsine
1289 2105 1374 2148 hu-

267 2187 378 2230 mani
420 2193 458 2230 et
495 2185 750 2230 consolantis
776 2222 779 2230 ,,
791 2184 911 2228 amici
937 2183 1170 2241 alloquio„
1219 2183 1376 2228 catenis

267 2265 374 2308 fame
405 2263 733 2319 verberibusque
770 2261 1081 2310 cruciabantur.

326 2338 517 2387 Tandem
541 2354 663 2392 vero,
695 2339 860 2384 ineunte
882 2339 1020 2383 seculo
1037 2345 1181 2382 nostro
1206 2337 1247 2381 in
1272 2337 1374 2381 Gal-
