1492 2896
316 286 373 331 28
424 286 464 332 J.
481 285 531 330 L.
548 283 592 328 C.
607 279 962 328 SCHROEDER
976 290 1076 323 vAN
1092 292 1187 322 mm
1203 276 1365 322 KOLK

312 427 393 471 sint
445 425 631 470 seclusi?
704 421 925 480 Quodnam
981 419 1271 464 detrimentum
1322 433 1423 476 gra—-

313 503 401 547 vius
426 501 528 561 ipsis
562 499 707 545 inferri
734 505 900 558 potest,
932 511 1057 554 quam
1098 496 1132 539 si
1175 495 1296 539 unica
1321 508 1425 554 spe,

312 594 419 635 quac
462 585 685 637 superest,
743 576 989 634 privantur,
1041 587 1118 632 spe
1164 571 1427 624 sanationis,

310 670 416 713 quae
454 670 550 715 spes
594 656 680 698 fere
726 653 836 697 nulla
876 658 966 704 est,
1031 649 1228 706 quamdiu
1272 648 1422 692 desunt

311 732 497 777 aedificia
513 764 524 785 ,
563 731 749 775 instituta
775 736 874 788 apta
890 761 901 781 ,
921 727 1072 772 desunt
1096 725 1276 778 Medici,
1304 725 1423 769 detist

308 810 484 854 facultas
509 816 547 852 et
583 806 750 871 occasio
786 804 976 849 sanandi.

367 888 421 930 At
445 900 542 930 vero
560 917 570 936 ‚
585 885 642 928 ita
662 882 897 927 occurritur
914 881 1037 925 nobis
1058 908 1070 928 ‚
1096 893 1181 924 non
1199 885 1260 923 est
1278 878 1321 922 in
1340 891 1425 938 po—

307 970 454 1008 testate
472 962 728 1022 privatorum
758 959 972 1004 hominum
986 989 998 1012 ‚
1016 957 1088 1000 illa
1104 955 1262 1014 erigere
1282 955 1425 999 Noso-

308 1040 470 1093 comia,
517 1054 622 1096 quae
656 1045 700 1082 tu
732 1038 818 1088 vis,
844 1044 969 1093 atque
1007 1034 1051 1079 id
1085 1035 1275 1085 efficere,
1306 1039 1352 1075 ut
1377 1046 1424 1077 ea

307 1133 429 1170 cura,
447 1132 571 1174 quam
593 1123 638 1158 tu
667 1115 855 1173 postulas
872 1145 883 1166 ‚
912 1110 1113 1156 Maniacis
1139 1109 1420 1168 impendatur.

307 1195 459 1239 Audio.
517 1194 631 1251 Quid
655 1199 789 1236 autem
806 1193 827 1236 ?
860 1192 945 1235 Tot
967 1198 1062 1235 sunt
1092 1190 1135 1233 in
1156 1188 1294 1233 Patria
1320 1201 1426 1232 nos-

305 1279 393 1323 tra,
443 1287 464 1314 a
498 1269 658 1314 civibus
684 1268 839 1312 nostris
876 1275 999 1324 atque
1032 1283 1055 1310 a
1090 1266 1320 1324 majoribus
1347 1279 1423 1309 ae-

306 1348 440 1392 dificia
495 1355 619 1403 atque
668 1346 885 1403 praeclara
937 1343 1152 1396 instituta,
1214 1340 1422 1394 caritatis,

305 1434 374 1469 aut
414 1424 569 1468 amoris
607 1423 870 1467 scientiarum
912 1421 1161 1465 documenta
1185 1456 1197 1474 ‚
1256 1427 1300 1464 ut
1335 1433 1421 1464 non

308 1503 494 1553 videam,
540 1515 669 1557 quase
706 1499 921 1552 instituta,
951 1498 1003 1542 ad
1041 1497 1253 1542 sanandos
1295 1505 1420 1554 atque

306 1579 514 1623 curandos
528 1576 743 1621 Maniacos
762 1583 859 1634 apta
875 1607 885 1627 ‚
917 1574 1022 1618 vires
1047 1574 1306 1632 privatorum
1334 1573 1419 1617 ho-

303 1657 457 1700 miuum
498 1660 724 1712 superent,
756 1652 790 1695 si
832 1653 1020 1695 voluntas
1052 1651 1169 1694 firma
1213 1658 1274 1694 est
1326 1664 1420 1694 cum

304 1730 523 1792 prudentia
566 1729 814 1786 conjuncta,
848 1728 1045 1785 multique
1075 1742 1118 1771 se
1157 1728 1275 1784 hujus
1308 1727 1422 1770 cari-

302 1810 398 1854 tatis
435 1808 573 1852 socios
604 1806 846 1863 adjungunt.
892 1827 944 1833 —-
994 1803 1078 1848 Sed
1117 1811 1312 1862 superent
1354 1804 1420 1846 vi-

303 1904 383 1932 res.
411 1912 464 1918 —-
495 1888 550 1928 At
578 1899 674 1927 vero
700 1890 796 1927 sunt
823 1881 1091 1940 Magistratus
1119 1880 1293 1932 urbani,
1325 1887 1422 1924 sunt

303 1962 507 2008 Praefecti
547 1969 671 2019 atque
707 1960 889 2005 Ordines
919 1958 1261 2010 provinciarum,
1295 1964 1420 2014 atque

303 2041 335 2085 si
363 2040 405 2083 hi
437 2054 519 2082 non
545 2045 754 2096 possunt,
788 2043 857 2079 aut
888 2035 946 2087 si,
981 2036 1095 2092 quod
1122 2034 1188 2079 vix
1223 2033 1420 2078 credibile

304 2125 392 2169 est,
423 2131 568 2175 parum
599 2114 709 2159 hanc
752 2127 837 2156 rem
859 2145 870 2164 ‚
904 2128 1008 2169 quae
1040 2127 1135 2155 vere
1173 2112 1213 2154 in
1245 2111 1418 2169 religio-

304 2209 395 2238 nem
429 2193 565 2244 venit,
587 2197 761 2242 curant,
784 2205 874 2234 eam
904 2189 955 2232 ad
988 2189 1159 2232 lubitum
1196 2186 1420 2242 differunt,

307 2278 442 2315 vetera
470 2276 663 2319 tuentur,
700 2291 748 2297 --
782 2274 843 2310 cst
887 2266 1018 2322 Regia
1063 2266 1279 2317 Potestas,
1313 2280 1420 2322 quae

303 2348 342 2392 in
379 2355 520 2391 nostra
551 2345 692 2389 Patria
727 2352 897 2403 pate-rna
934 2352 993 2388 cst
1035 2350 1247 2401 potestas,
1279 2357 1414 2400 quae.
