1492 2896
467 254 853 306 ORATIO.
1153 250 1209 295 63

203 545 207 548 -
263 514 436 554 Ισυιοιωι
479 514 641 551 Onnnus
674 510 1050 561 Jumscousumonun.

164 636 234 682 Ad
268 634 548 693 quaestionem
580 631 868 692 propositam:

106 729 137 758 <t
168 714 404 756 Succincte
449 716 726 766 exponatur,
761 708 895 763 quale
939 701 1134 745 Caroli
1164 699 1215 744 V.

107 798 260 835 aetate
311 791 358 831 in
408 788 625 831 diversis*
660 785 818 839 Belgii
876 780 1135 837 regionibus
1177 780 1219 821 ei

110 867 326 921 subjectis
339 867 427 920 jus
453 865 620 906 summi
647 861 847 916 Imperii
881 858 1128 915 quibusque
1150 855 1221 911 fi-

110 943 243 989 nibus
277 939 755 996 summilmperantis
789 942 995 993 potestas
1022 934 1221 976 circum-

111 1021 291 1075 scripta
313 1005 530 1074 fueiit.·''

107 1115 197 1162 -duo
232 1112 396 1172 accepit
432 1108 720 1170 responsionis
751 1106 977 1166 specimina
995 1137 1008 1157 ‚
1051 1104 1221 1149 alterum

113 1189 360 1250 inscriptum
398 1185 536 1233 verbis
566 1182 875 1230 Schelleri:

109 1284 140 1312 (t
169 1268 261 1311 Ilm
290 1266 392 1309 heiu
414 1267 463 1308 in
486 1264 739 1306 schranken
766 1276 856 1303 nur
889 1262 972 1302 das
996 1258 1224 1302 deutliche

1065 1334 1225 1378 Ges-etz

123 1423 230 1466 Und
256 1423 340 1463 der·
363 1418 630 1461 Gebrc'iuche
661 1417 980 1472 ties-getretne
1009 1414 1195 1469 Spur‚'’

116 1497 288 1541 alterum
323 1492 550 1539 Horatii
580 1491 743 1537 verbis:

115 1590 143 1618 tt
175 1567 349 1618 Valeat
379 1588 453 1615 res
482 1572 694 1620 ludicra,
724 1571 765 1611 si
793 1585 862 1611 me

117 1653 288 1694 Palma
335 1655 504 1706 negata
549 1662 785 1698 macrum,
833 1647 1004 1687 donata
1047 1643 1227 1684 reducit

958 1721 1175 1776 opimum.
1195 1722 1225 1742 ''

120 1802 239 1860 Quae
276 1808 410 1846 autem
448 1798 700 1858 quaestionis
731 1796 975 1856 propositae
1005 1809 1103 1840 vera
1129 1808 1230 1839 sen-

119 1878 248 1923 tentia
280 1885 370 1930 est,
399 1891 491 1921 cum
522 1891 571 1920 ex
597 1874 700 1935 ipsis
734 1874 848 1918 Juris
875 1872 1038 1916 Publici
1064 1871 1227 1931 princi-

119 1954 226 2014 piis,
273 1961 360 1998 tum
403 1969 451 1997 ex
492 1952 638 1997 aetatis
668 1948 870 1995 Caroli
900 1949 951 1992 V.
985 1947 1146 1995 ratione
1189 1953 1231 1992 et

120 2028 318 2089 peculiari
339 2029 387 2073 ea
413 2034 545 2072 aetate
583 2025 798 2084 regionum
826 2024 1086 2082 Belgicarum
1119 2037 1228 2067 con-

125 2106 279 2151 ditione
311 2104 585 2157 aestimanda,
618 2118 707 2147 eam
733 2115 810 2146 nec
831 2101 939 2145 bene
964 2099 1231 2153 intellexisse,

123 2198 224 2237 nec,
285 2182 399 2239 quod
439 2181 693 2233 debuerunt,
734 2176 995 2237 >explicuisse
1029 2176 1104 2220 visi
1138 2183 1233 2220 sunt

126 2259 338 2316 utriusque
367 2257 602 2317 speciminis
641 2263 845 2300 auctores.
907 2255 1107 2298 Neutrum
1150 2252 1232 2310 igi-

132 2345 198 2379 tur
226 2335 457 2392 quaestioni
484 2333 723 2378 satisfacere
749 2331 973 2388 judicatum
998 2337 1073 2373 est.
1120 2328 1234 2371 Lau-—
