1492 2896
551 266 940 315 ORATIO.
1249 267 1308 311 29

181 405 342 465 quippe
373 404 446 463 qui
470 417 558 449 non
587 410 750 461 tantum
775 405 1044 447 Dialectica
1069 403 1202 458 valet,
1233 401 1309 447 sed

178 490 224 535 in
251 504 338 548 quo
359 496 506 548 regnat
534 488 657 534 etiam
683 502 775 532 cum
797 488 981 533 veritatis
1013 488 1196 534 studium
1220 495 1308 533 tum

180 576 226 620 in
256 575 406 635 primis
443 588 578 618 amor.
637 576 917 617 Paullinum
945 573 1071 632 igitur
1105 573 1208 618 illud
1242 580 1310 617 te-

182 667 280 705 net:
311 659 515 714 ἀληθεύειν
550 658 591 704 {v
620 658 773 716 ἀγάπῃ
788 689 802 712 ,
832 657 940 702 adeo
968 665 1014 702 ut
1040 663 1192 703 veritas
1217 658 1315 719 pri-

184 759 299 789 mum
337 743 453 803 apud
489 730 587 787 'eum
625 741 766 786 locum
798 741 1010 799 obtineat,
1071 756 1170 786 nam
1204 742 1315 788 hanc

187 828 231 872 in
247 827 394 888 primis
424 832 602 887 spectat.
662 825 811 883 Itaque
844 825 1062 871 veritatem
1095 840 1183 870 non
1211 840 1322 885 pro-

190 911 273 965 dit,
300 925 386 955 non
401 910 623 964 obscurat,
649 923 736 954 non
755 909 981 954 abscondit
1006 911 1164 955 amoris
1195 924 1323 956 caus-

191 1012 254 1044 sa.
316 995 403 1040 Sed
438 995 484 1038 in
521 995 592 1038 illa
627 994 942 1054 propugnanda
977 1009 1027 1040 ac
1061 995 1325 1040 defendenda

193 1094 338 1125 amore
368 1079 553 1123 ducitur.
655 1079 726 1123 Ab
762 1079 1020 1124 humanitate
1053 1080 1180 1139 igitur
1213 1095 1328 1125 nun-

195 1180 323 1224 quam
353 1163 536 1218 recedit,
566 1178 646 1209 nec
670 1163 938 1209 vehementer
964 1165 1008 1210 in
1038 1165 1332 1211 dissentientes

195 1250 427 1304 invehitur,
458 1264 596 1307 neque
618 1263 691 1293 eos
717 1249 917 1294 continuo
942 1250 1218 1305 condemnat,
1252 1251 1328 1296 sed

199 1336 332 1381 amice
375 1343 416 1381 et
466 1335 706 1379 humaniter
754 1342 937 1390 tractat,
990 1351 1099 1393 quae
1136 1337 1245 1381 hene
1292 1343 1333 1381 et

199 1428 314 1466 recte
350 1421 406 1465 ab
441 1419 522 1464 illis
565 1419 697 1464 dicta·
722 1419 807 1464 sint
827 1452 841 1474 ,
896 1434 1156 1478 agnoscens,
1204 1421 1333 1479 inque

203 1521 344 1558 suum,
376 1505 460 1549 hoc
491 1511 577 1558 est,
609 1503 794 1548 veritatis
822 1504 1120 1559 commodum,
1152 1519 1335 1551 conver-

202 1597 311 1634 tens.
373 1588 502 1647 Quod
523 1593 811 1648 quantopere,
836 1589 1200 1645 nostris-*maxime
1224 1598 1338 1636 tem—

205 1673 405 1733 poribus,
433 1673 766 1733 praedicandum
787 1674 840 1719 sit
857 1682 897 1719 et
914 1675 1231 1730 inculcandum,
1254 1676 1341 1720 dici

207 1772 302 1809 non?
322 1766 476 1817 potest.
563 1759 793 1810 Dokzmus,
827 1758 953 1804 eheu!
983 1759 1221 1818 iterumque
1252 1760 1337 1804 do-

209 1843 350 1886 lemus.
383 1842 497 1886 rixas
536 1848 577 1885 ct
615 1841 929 1896 contentiones,
974 1857 1083 1900 quae
1115 1842 1338 1888 Christi

213 1941 391 1986 corpus,
439 1941 547 1983 quae
588 1928 968 1983 Reformatorum
1005 1928 1127 1972 etiam
1167 1935 1334 1972 coetum

214 2010 452 2055 distrahunt
472 2017 510 2054 et
533 2010 775 2054 dilacerant.
837 2010 1014 2056 Utinam
1031 2027 1178 2057 omnes
1189 2012 1341 2070 Theo-

213 2094 324 2153 logi,
355 2109 584 2151 omnesque
612 2095 782 2139 omnino
814 2095 1044 2141 Christiani
1069 2098 1174 2142 tales
1199 2106 1339 2145 essent

218 2179 406 2238 germani
430 2179 701 2239 Philosophi!
763 2180 937 2225 Utinam
967 2196 1136 2236 omnes,
1165 2182 1210 2225 in
1244 2182 1341 2227 vin-

218 2263 397 2307 dicanda
425 2262 656 2321 Religionis
683 2278 854 2318 caussa,
888 2265 1104 2311 veritatem
1138 2259 1342 2316 defende-'
