1492 2896
263 279 319 318 20
514 275 601 318 ΡΗ.
634 276 684 318 G.
716 268 818 318 van
851 275 1109 326 HEUSDE,

268 417 311 453 ut
344 409 504 452 vinculo
535 409 714 465 quodam
745 410 953 454 communi
983 400 1230 467 singularum
1260 424 1378 453 con--

267 487 504 543 jungeretur
527 485 809 530 doctrinarum
838 486 1050 530 institutio.
1114 487 1216 530 Nam
1245 500 1367 530 nemo

264 564 398 608 fuerat
421 562 518 606 olim
545 562 822 620 generosioris
849 561 1000 606 indolis
1026 563 1208 619 juvenis,
1240 562 1339 619 quin
1355 593 1367 611 ‚

265 639 349 684 sive
368 639 622 697 Theologiae
636 671 648 691 ,
667 639 750 684 sive
770 638 1130 699 Jurisprudentiae
1143 670 1157 693 ‚
1171 639 1256 684 sive
1270 637 1367 682 Me-

264 714 424 760 dicinae
438 715 715 760 destinaretur
727 748 739 768 ‚
769 715 1060 774 philosophiae
1073 716 1367 771 literarumque

266 791 506 852 disciplinae
536 807 706 851 operam
740 800 924 838 navaret.
986 792 1070 836 Sed
1096 791 1300 849 integrum
1321 790 1365 833 id

263 869 389 913 cuivis
446 869 631 912 relictum
684 870 831 913 fuerat.
902 870 1026 912 vNunc
1068 883 1165 913 vero
1188 900 1199 922 ‚
1251 867 1364 924 quod

264 952 404 988 nostra
431 945 656 989 Academia
674 957 767 988 cum
788 945 934 988 ceteris
954 939 1173 988 commune
1194 943 1364 996 habuit,

262 1035 313 1063 eo
343 1021 517 1064 maxime
547 1021 747 1066 destinata
776 1022 1067 1080 philosophica
1094 1022 1263 1066 facultas
1282 1027 1364 1073 est,

260 1104 306 1140 -ut
335 1105 446 1142 recte
475 1099 712 1156 praeparati
737 1098 790 1141 ad
820 1098 1051 1141 doctrinam
1070 1113 1185 1142 suam
1215 1097 1364 1141 medici

263 1174 532 1227 accederent,
565 1183 649 1218 tum
685 1189 790 1219 nova
833 1175 991 1231 adjecta
1022 1176 1193 1219 facultas
1221 1175 1365 1218 litera‘⁴

259 1265 350 1294 rum
379 1259 419 1296 et
445 1251 693 1296 theoreticae
718 1251 1031 1310 philosophiae,
1076 1252 1157 1295 hoc
1188 1251 1364 1295 maxime

263 1327 462 1380 consilio,
493 1342 545 1372 ne
570 1328 662 1384 quis
691 1328 804 1371 rudis
833 1330 955 1386 plane
984 1343 1076 1372 cum
1108 1328 1364 1377 Medicinae.

259 1411 346 1448 tum
393 1404 434 1447 in
470 1404 615 1462 primis
641 1404 1000 1463 Jurisprudentiae
1033 1413 1074 1449 et
1108 1404 1364 1462 Theologiae

259 1480 426 1526 scholas
450 1480 606 1524 adiret:
654 1496 739 1538 quo
771 1482 896 1525 valuit
922 1482 1203 1541 maximopere
1230 1482 1365 1541 Gym-

258 1556 468 1601 nasiorum
517 1571 610 1601 cum
655 1557 745 1601 aliis
789 1558 832 1601 in
876 1559 1049 1603 urbibus
1075 1558 1234 1618 patriae
1259 1572 1363 1603 nos-

259 1640 369 1685 trae,
401 1640 486 1676 tum
511 1633 555 1676 in
581 1633 661 1676 hac
683 1641 827 1677 nostra
856 1634 1111 1680 instauratio.
1165 1635 1363 1678 Praecla-

255 1723 346 1752 rum
380 1709 612 1753 institutum
644 1724 767 1761 sane,
814 1711 1060 1754 Auditorcs:
1109 1711 1276 1768 dignum
1319 1711 1360 1754 in

255 1784 401 1841 primis
451 1785 588 1844 patria
638 1789 809 1839 nostra,
870 1802 976 1843 quae
1011 1788 1164 1846 sprevit
1197 1803 1363 1847 semper

256 1860 445 1905 homines
465 1893 476 1913 ‚
509 1862 580 1918 qui
612 1862 810 1907 accedere
840 1865 893 1907 ad
920 1864 1204 1908 doctrinarum
1240 1879 1358 1909 sacra

253 1937 377 1981 illotis
422 1938 617 1982 manibus
659 1939 884 1996 auderent3
926 1942 1016 1985 illos
1058 1942 1177 1986 unice
1214 1942 1360 1986 haberi

244 2013 519 2072 a'l‘heologos,
558 2015 652 2060 illos
684 2016 841 2068 Jews,
883 2016 977 2060 illos
1021 2026 1059 2062 et
1102 2019 1286 2063 Medicos
1317 2028 1359 2063 'et

253 2089 455 2148 Physicos
496 2092 648 2145 voluit,
694 2093 765 2149 qui
789 2094 948 2154 optima
975 2102 1110 2139 essent
1138 2095 1355 2154 disciplina

249 2165 308 2208 >ad
333 2166 583 2212 verissimam
611 2168 906 2213 humanitatem
935 2178 973 2213 et
998 2170 1266 2215 eruditionem
1288 2173 1357 2215 in·-

251 2241 431 2287 sormati.
494 2244 657 2302 Quodsi
682 2245 742 2290 ,vis
770 2246 941 2290 instituti
974 2247 1135 2303 agitur,
1169 2265 1290 2305 quam
1314 2249 1354 2292 in

252 2318 533 2364 doctrinarum
564 2321 862 2368 institutionem
892 2324 1059 2377 habuit,
1100 2332 1224 2368 testes
1258 2334 1355 2371 ,sunt
