1492 2896
1078 277 1098 305 X
1103 278 1127 306 X
1131 276 1200 311 xm

87 372 231 418 εοοίοε
256 372 464 426 iubetur,
494 372 552 417 ob
584 387 792 418 summam
826 374 1043 421 doctrinae
1068 391 1198 436 prae-

84 448 278 495 stantiam
313 463 465 509 magna
500 463 594 494 cum
637 451 781 505 laude,
807 452 918 497 *Iuris
950 451 1132 498 Romani
1159 463 1196 498 et

70 524 286 576 Hodierni
315 525 479 571 Doctor
511 533 674 574 creatus
706 535 781 572 est.

589 709 626 766 §-
660 709 709 754 v.

356 870 480 914 Anno
512 885 918 916 cmmcccxxxw.

144 1005 238 1057 Die
269 1028 368 1059 xvu.
403 1031 460 1057 m.
493 1015 634 1068 Maji.
695 1011 930 1056 Gratulatio
974 1024 997 1054 a
1043 1011 1198 1057 Senatu

84 1090 252 1136 decreta
289 1096 352 1135 est
384 1089 436 1135 V.
464 1089 528 1134 cl.
566 1090 741 1133 Iouoco
771 1089 985 1132 Hammon
1001 1119 1013 1140 ,
1045 1089 1126 1132 EL.
1145 1089 1195 1131 F.

84 1163 342 1226 Theologiae
365 1165 625 1219 Professori,
652 1172 831 1225 propter
850 1164 1021 1208 emerita
1035 1165 1202 1231 stipem.

86 1243 155 1288 dia
183 1242 413 1289 honorifice
442 1242 546 1287 rude
573 1242 745 1287 donato.

138 1402 232 1444 Die
256 1414 328 1445 xu.
352 1415 412 1445 m.
444 1399 589 1443 Iunii.
652 1400 793 1456 Quum
825 1413 874 1442 ex
905 1397 1084 1442 Senatus
1118 1413 1197 1442 vo·-

85 1478 265 1530 mutate,
286 1475 509 1521 accedente
530 1475 779 1520 (juratorum
800 1475 1071 1530 auctoritate,
1089 1486 1198 1520 con-

86 1553 271 1599 stitutum
302 1560 429 1606 esset,
455 1559 501 1597 ut
530 1553 760 1598 saecularia
789 1552 1045 1598 Academiae
1067 1553 1195 1597 altera

70 1642 168 1687 ”non
197 1629 301 1690 ipsis
330 1629 562 1683 natalibus,
611 1630 687 1674 sed
720 1630 862 1687 aliquo
893 1630 1052 1675 aestivo
1086 1637 1196 1674 tem-

82 1721 188 1767 pore
218 1713 467 1766 agerentur,
497 1706 583 1751 eius
609 1706 668 1750 rei
694 1706 855 1749 initium
881 1706 962 1750 hoc
991 1707 1195 1750 duodeci-

81 1797 155 1827 mo
183 1783 303 1828 Iunio
334 1783 489 1827 factum
516 1789 589 1827 est.
641 1783 853 1827 Processit
881 1783 1006 1841 igitur
1033 1785 1194 1842 vesperi

84 1867 181 1904 ante
209 1857 358 1904 horam
395 1867 552 1904 sextam
588 1873 681 1904 cum
720 1861 893 1904 solemni
927 1868 1079 1904 ornatu
1110 1861 1193 1905 Se-

82 1943 230 1989 natus,
269 1943 495 1995 praeeunte
521 1937 707 1981 Rectore
737 1944 778 1981 et
815 1936 1115 1990 Curatoribus,
1150 1938 1191 1981 in

82 2013 225 2058 aedem
256 2013 306 2057 B.
329 2013 522 2065 Martini,
558 2013 700 2070 ibique
742 2014 958 2071 religiosae
995 2014 1188 2059 concioni

77 2089 285 2141 interfuit,
299 2103 423 2146 quam
440 2090 658 2134 vernacule
673 2090 818 2134 habuit
835 2090 896 2134 (31.
908 2093 1190 2136 BOUMANNUS

80 2166 355 2211 concionator
384 2166 659 2211 academicus,
722 2167 957 2221 Postridie,
983 2168 1024 2211 in
1048 2168 1192 2214 eadem

81 2243 182 2287 aede
212 2244 422 2301 eleganter
452 2244 676 2297 decorata,
708 2245 917 2290 celebrata
951 2254 1011 2290 est
1043 2247 1193 2291 Oratio

79 2320 324 2365 Saecularis.
405 2320 520 2365 Dixit
559 2336 648 2365 eam
690 2322 753 2367 Cl.
788 2323 1052 2376 Hrevsnnrs,
1099 2337 1192 2375 cum

596 2400 681 2424 *stt*
