1492 2896
437 296 826 342 ORATIO.
1162 295 1193 339 5

73 432 381 478 bushomines
414 432 621 477 interdum
664 432 751 476 sine
791 447 865 476 sua
906 432 1030 490 culpa
1077 429 1190 474 affli-

75 517 262 568 guntur,
327 510 462 567 magis
514 508 846 553 commiseranda
905 523 993 552 esse
1038 507 1189 555 videa-

71 592 140 630 tur
161 618 174 640 ‚
200 601 325 644 quam
362 587 512 630 harum
545 587 787 631 facultatum
824 585 985 641 jactura
1005 617 1016 637 ,
1060 600 1187 642 quam

73 678 171 709 Vere
200 668 364 706 mentis·
392 667 715 707 alienationem
746 662 935 706 dicimus.
970 661 1046 705 His
1074 661 1185 705 enim

78 739 346 784 facultatibus
388 740 549 784 amissis
597 747 667 783 aut
716 739 838 783 laesis
888 738 997 783 cedit
1044 753 1161 783 mens
1175 771 1189 792 ,.

71 817 288 875 praeclara
325 818 395 861 illa
438 825 477 862 et
504 824 616 861 certa
645 817 728 860 dux
760 816 896 875 yitae‚
939 823 1064 873 atque
1096 815 1191 861 Ho-

71 909 168 949 mo,
199 910 404 939 summum
449 895 607 939 Terrae
648 900 970 944 ornamentum,
1011 893 1066 936 ab
1117 892 1190 935 illo

73 971 249 1016 culmine
277 971 458 1029 dejectus
488 979 526 1015 et
570 978 809 1030 prostratus
835 970 876 1013 in
908 970 1069 1027 majora
1113 970 1195 1016 de-

69 1048 225 1091 labitur
251 1049 387 1102 mala,
420 1063 545 1105 quam
587 1064 694 1105 quae
724 1063 910 1105 unquam
942 1047 1194 1099 animalibus

76 1124 266 1169 accidere
293 1125 458 1184 possint
470 1142 482 1181 3
524 1140 548 1168 a
586 1124 736 1181 quibus
775 1125 894 1168 malis
920 1139 1054 1180 neque
1084 1123 1193 1167 divi-

74 1201 182 1255 tiae,
240 1189 378 1258 neque
425 1201 618 1260 corporis
669 1202 827 1254 robur,
877 1216 1013 1258 neque
1056 1200 1197 1262 ipsum

75 1279 229 1338 ingenii
280 1293 480 1333 acumen,
534 1276 667 1335 neque
712 1279 832 1322 etiam
871 1278 1063 1337 probitas
1100 1291 1198 1327 mo<-

76 1371 254 1413 rumque
319 1356 479 1400 candor
532 1356 743 1417 hominem
811 1356 1035 1400 defende-re
1088 1369 1197 1414 pos-

36 1433 39 1441 ‘
76 1440 185 1479 sunt.
913 1442 915 1445 ’
1159 1488 1161 1491 ¹

135 1511 275 1568 Quum
299 1511 426 1568 igitur
448 1510 549 1554 mihi
566 1543 577 1564 ,
600 1512 794 1555 Rectoris
820 1510 1034 1568 Magnifici
1050 1524 1199 1560 munus

76 1587 308 1632 successori
335 1588 567 1642 tradituro,
593 1589 808 1648 provincia
859 1589 1003 1631 oblata
1042 1586 1123 1639 sit,
1153 1595 1198 1632 ut

77 1679 221 1709 coram
273 1665 533 1709 nobilissimo
586 1667 767 1710 virorum
822 1665 1198 1709 eruditissimorum

79 1750 285 1786 conventu
314 1743 439 1787 verba
465 1744 637 1796 faciam,
656 1744 736 1787 tale
758 1747 1049 1801 argumentum
1083 1742 1200 1791 Ora-

79 1819 204 1862 tionis
234 1820 335 1862 mihi
362 1820 519 1878 selegi,
553 1821 696 1877 quod,
745 1836 766 1863 a
802 1819 903 1862 meis
945 1818 1093 1862 studiis
1117 1817 1201 1860 mi-

80 1909 158 1939 nus
187 1896 361 1940 alienum
383 1929 394 1949 ‚
420 1904 506 1940 tum
542 1897 604 1940 rei
642 1897 846 1953 gravitate
882 1902 921 1939 et
960 1901 1201 1948 momento,
1243 1884 1246 1886 ’

78 1980 168 2016 tum
197 1973 371 2017 utilitate
407 1974 586 2030 quadam
621 1988 711 2017 sese
738 1971 1059 2025 commendare,
1098 1958 1198 2016 ves3-

81 2057 230 2107 traque
279 2050 504 2095 attentione
556 2064 641 2094 non
680 2049 896 2107 indignum
924 2048 1028 2091 mihi
1064 2047 1197 2108 visum

84 2135 158 2173 est.
218 2128 369 2172 Dicam
392 2142 516 2186 ergo:
548 2131 602 2171 de
622 2129 775 2171 debita
804 2143 917 2168 cura
944 2129 1196 2182 infaustam

84 2209 407 2250 Maniacorzcm
439 2214 606 2248 sortem
633 2206 904 2248 emendandi
929 2218 1088 2260 eosque
1120 2219 1198 2244 sa·-

85 2286 250 2336 nandi,
300 2287 346 2326 in
393 2291 551 2326 nostra
598 2285 773 2325 Patria
828 2282 967 2324 nimis
1011 2278 1197 2335 neglec'-

87 2368 147 2405 ta.
209 2361 336 2418 Quod
369 2374 463 2404 cum
500 2374 604 2417 ago,
642 2367 688 2404 ut
715 2359 856 2403 faciles
887 2357 1196 2415 benevolasque
