1492 2896
252 245 633 289 prunosoprssco
651 267 665 274 -
681 242 988 282 ffls'fomCA.
1143 251 1187 287 59

584 390 617 436 ς.
649 399 685 424 2.

413 509 466 546 Dc
492 508 666 546 libertate
691 508 859 544 hominis.

71 676 73 678 .
130 643 209 682 Ubi
237 642 389 680 hominis
420 641 626 678 libertatem
652 639 763 685 dico,
790 648 869 675 non
896 640 971 674 ea'm
995 638 1041 675 ad
1063 648 1191 689 corpus

76 713 205 752 referri
237 712 348 751 velim
366 739 379 759 ‚
418 720 459 748 ut
486 709 648 748 hominis
675 709 828 746 libertas
854 720 894 746 ea
921 708 970 747 sit
997 708 1164 753 conditio
1180 736 1192 753 ,

78 795 152 832 qua
178 784 315 831 homo,
346 782 466 820 omnis
499 781 669 829 corporis
703 780 846 819 servitii
876 779 1076 825 immunis,
1105 779 1195 816 alte-

81 865 162 891 rum
199 864 274 892 non
312 852 470 899 habeat,
506 851 568 889 cui
603 860 775 898 tanquam
813 850 964 888 domino
1000 859 1035 887 et
1068 861 1195 897 parere

74 932 237 973 cogatur
257 933 294 962 et
315 922 460 961 servilia
483 921 685 960 ministeria
707 921 902 970 praebere3
928 921 1087 969 pertinet
1108 920 1196 958 haec

77 994 125 1031 ad
154 1005 212 1031 res
240 993 402 1032 civitatis
430 1001 466 1030 et
498 992 592 1030 idem
620 992 739 1029 valere
764 999 890 1040 potest
913 992 1017 1039 quod
1043 991 1193 1029 libertas

73 1062 217 1101 civilis.
261 1065 332 1102 Est
351 1074 441 1101 vero
464 1063 574 1101 altera
597 1061 761 1100 hominis
778 1062 930 1105 libertas
953 1072 1068 1110 eaque
1087 1062 1197 1109 longe

79 1132 351 1181 praestantior:
401 1143 484 1170 nam
524 1133 577 1170 uti
618 1134 787 1171 universe
823 1132 1028 1170 libertatem
1061 1140 1197 1168 statum

74 1202 262 1250 >quendam
301 1202 485 1251 appellare
527 1210 714 1250 praestat,
752 1202 801 1240 ita
843 1201 1004 1240 hominis
1046 1201 1199 1238 libertas

81 1281 144 1311 est
172 1282 294 1312 status
321 1274 473 1311 moralis
501 1282 536 1309 et
560 1271 636 1310 fere
665 1281 744 1310 tota
763 1272 808 1310 ad
830 1274 997 1310 animum
1021 1270 1198 1309 refertur.

75 1341 155 1380 Est
184 1353 318 1391 nempe
350 1354 390 1381 ea
420 1343 531 1380 animi
558 1343 749 1390 conditio,
774 1344 849 1390 qua
869 1353 992 1389 neque
1014 1341 1169 1380 affectus
1186 1370 1198 1387 ,

81 1423 205 1460 neque
230 1412 418 1451 lubidines
440 1441 452 1460 ,
482 1425 603 1461 neque
629 1414 866 1461 voluptates,
898 1423 1022 1460 neque
1053 1412 1198 1450 tandem

82 1484 351 1532 praejudicatae
386 1481 586 1531 opiniones
622 1483 808 1521 hominem
843 1482 1079 1530 impediunt,
1105 1493 1200 1530 quo-

81 1552 206 1591 minus
240 1561 340 1590 recte
372 1562 409 1590 et
443 1551 545 1590 vivat
576 1561 613 1590 et
646 1561 743 1601 agat.
798 1552 1051 1602 Quamobrem
1076 1553 1200 1590 animo

78 1632 219 1670 corpus
263 1630 386 1661 totum
430 1621 480 1660 sit
523 1621 734 1672 subjectum
758 1650 772 1668 ,
818 1621 895 1660 imo
935 1633 1023 1659 vero
1067 1621 1202 1659 serviat

85 1701 240 1738 prorsus
265 1699 431 1739 oportet.
486 1692 570 1729 Hoc
608 1692 705 1729 enim
747 1692 882 1740 procul
921 1692 1036 1730 dubio
1075 1703 1203 1729 verum

84 1769 162 1807 est,
195 1761 299 1808 quod
331 1763 464 1799 natura
499 1763 568 1799 sust
606 1761 881 1799 immortalitate
912 1762 1045 1811 gaudet
1082 1770 1118 1798 et
1157 1763 1203 1799 ad

84 1829 251 1868 divinum
286 1830 434 1877 tendit,
477 1831 516 1868 in
548 1831 586 1868 id
620 1843 807 1869 summum
833 1831 1034 1870 convenire
1056 1832 1203 1881 imperi·

85 1911 171 1947 um,
194 1901 349 1938 mortale
365 1911 497 1938 contra
511 1912 640 1949 parere
662 1901 737 1949 ipsi
757 1912 797 1939 ac
816 1902 955 1939 servire
970 1886 1199 1952 debere(1).

82 1969 174 2008 Inde
199 1970 266 2018 fit,
295 1978 338 2008 ut
367 1970 546 2009 habeatur
581 1998 613 2018 „
629 1975 670 2013 τὸ
696 1978 795 2022 νικᾷν
819 1975 927 2013 αὐτὸν
949 1975 1056 2014 αὑτὸν
1080 1978 1202 2014 πασῶν

82 2045 183 2082 νικῶν
203 2042 322 2090 πρώτη
350 2057 392 2081 τε
421 2042 481 2081 noa}
502 2043 646 2090 ἀρίστη·
674 2044 716 2082 ’τὸ
741 2045 777 2083 δὲ
803 2045 978 2089 ἡττᾶσθαι
1004 2047 1111 2084 αὐτὸν
1137 2046 1199 2092 ὑφ’

37 2160 41 2169 .
81 2112 232 2156 ἑαυτοῦ,
253 2111 399 2152 πάντων
426 2112 619 2160 αἴσχιστόν
641 2128 682 2152 τε
707 2111 789 2161 οἶμαι
812 2113 872 2152 καὶ
898 2112 1096 2153 noima-ost
1115 2113 1201 2162 (2).

82 2177 232 2230 Quodsi
268 2191 403 2229 pravae
443 2180 633 2229 cupidinis
670 2181 793 2219 studia
829 2182 866 2218 in
892 2181 1056 2220 hominis
1080 2181 1202 2219 animo

852 2290 856 2295 ,
1101 2255 1202 2302 prin-

124 2313 170 2354 (ι)
195 2312 278 2343 Plat.
300 2315 427 2345 Plzacd.
450 2325 483 2353 p-
505 2316 557 2345 80.
586 2315 629 2346 A.
650 2315 692 2345 cf.
715 2315 854 2351 Sallust,
877 2317 918 2347 B.
944 2318 977 2347 C.
1001 2327 1030 2348 c.
1054 2327 1082 2348 2-

126 2367 173 2409 (2)
194 2368 279 2400 Plat.
301 2369 340 2400 de
359 2370 462 2411 Legg.
484 2368 565 2400 Lib.
588 2371 616 2400 l.
637 2379 670 2408 p·
692 2369 762 2401 626·
787 2369 827 2401 Ε.
857 2385 860 2388 >
1060 2376 1062 2379 ’
