1492 2896
474 287 866 335 ORATIO.
1166 281 1223 332 37

102 408 304 471 simorum
341 423 538 469 Virorum
557 424 586 478 ‚⁴
614 418 895 469 sed‘tuorum
938 406 1224 481 Collega'rum‚

104 509 181 556 sed
217 509 372 554 horum
400 509 632 562 Juvenum,
664 507 738 552 sed
766 505 1047 560 Academiae,
1074 506 1229 551 Eccle-'

103 593 276 652 siaeque
305 593 475 638 nomine
501 592 770 639 vehementer
798 589 920 635 etiam
949 598 1076 648 atque
1101 589 1227 635 etiam

97 685 140 725 te
168 692 291 738 rogo.
1199 674 1201 676 ’
1224 674 1226 678 ’

159 757 295 807 Venio
351 761 522 806 tandem
568 760 622 805 ad
673 759 974 820 vos,''op'timi
999 759 1224 804 ·Juvenes!

99 845 293 910 Accipite
329 860 498 891 mevos
524 859 670 890 omnes
694 844 900 889 benevolo
926 841 1094 897 animo,
1124 845 1224 887 nam

103 930 227 975 vobis
261 929 457 975 omnibus
500 930 608 975 bene
640 931 751 974 volo.
815 930 904 974 Vos
949 936 1086 973 autem
1103 960 1115 982 ‚
1152 927 1225 985 qui

98 1013 359 1073 Theologiae
379 1012 568 1073 'operam
601 1015 786 1069 navatis,
819 1014 996 1073 accipite
1027 1027 1095 1057 me
1125 1028 1226 1059 ves-

97 1103 261 1142 trorum
289 1097 524 1142 studiorum
548 1098 719 1151 ducem,
749 1099 813 1143 vel
843 1098 983 1157 potius
1011 1097 1220 1141 comitem.

95 1181 396 1228 Benevolentia
430 1197 506 1228 vos
541 1183 585 1227 in
618 1183 767 1243 primis
802 1176 1043 1243 p1²osequor
1073 1189 1114 1227 et
1147 1171 1224 1226 ca-

95 1267 243 1320 ritate,
292 1282 392 1312 nam
443 1267 541 1312 estis
586 1267 792 1321 Juvenes,
852 1266 924 1324 qui
963 1265 1223 1324 Theologiae

96 1351 299 1405 studetis,
342 1358 467 1409 atque
508 1351 614 1396 adeo
632 1384 643 1404 ,
686 1358 733 1395 ut
762 1365 916 1411 spero,
961 1349 1222 1408 Religionis,

94 1435 346 1497 pietatisque
373 1451 517 1481 amore
543 1437 741 1495 flagratis.
840 1435 953 1480 Estis
986 1434 1112 1480 futuri
1141 1433 1223 1480 Dei

98 1520 394 1578 Christique
434 1520 639 1574 ministri,
695 1520 767 1578 qui
785 1553 797 1574 ‚
845 1520 985 1564 Patris
1029 1518 1221 1563 coelestis

96 1603 268 1663 ejusque
301 1603 397 1648 Filii
439 1604 608 1648 nomine
624 1635 637 1658 ‚
678 1603 847 1649 unicam
885 1604 941 1648 ad
978 1603 1221 1648 beatitatem

97 1687 208 1733 viam
245 1687 408 1733 miseris
450 1689 700 1734 mortalibus
741 1689 963 1734 ostendere
988 1703 1130 1746 ‘eaque
1164 1688 1221 1731 il-

95 1772 148 1818 lis
184 1773 350 1834 praeire
397 1773 564 1832 cupitis.
677 1773 791 1817 Estis
839 1772 980 1817 futuri·
1007 1772 1220 1817 Ecclesiae

98 1856 296 1902 doctores
327 1864 367 1901 et
391 1865 611 1916 pastores,
656 1873 678 1902 e
712 1858 863 1915 quibus
894 1875 999 1901 cam
1029 1857 1216 1917 patriae,

100 1949 198 1984 tum
227 1940 503 1999 plurimorum
543 1942 778 1986 animorum
812 1940 1110 1986 immortalium
1145 1956 1219 1985 sa-

98 2025 164 2070 lus
189 2040 386 2084 magnam
416 2033 580 2085 partem
613 2026 829 2086 pendebit.
917 2027 1013 2070 Non'
1042 2040 1217 2085 possum

98 2107 225 2167 igitur
255 2123 342 2153 non
372 2123 447 2154 vos
480 2110 622 2168 magni
654 2111 817 2165 facere,
849 2111 1082 2169 intimoque
1108 2125 1217 2170 pro-

99 2193 218 2250 sequi
245 2208 403 2239 amore.
462 2193 517 2238 Hi
556 2202 692 2240 autem
732 2196 859 2240 animi
892 2195 975 2240 mei
1003 2211 1101 2254 erga
1139 2210 1216 2240 vos

101 2291 243 2329 sensus
284 2293 352 2325 me
392 2278 681 2337 instigabunt,
721 2288 792 2336 ut,
839 2280 980 2344 quoad
1027 2280 1214 2341 possim,
