1492 2896
285 269 343 312 ‚32
654 266 1036 315 ORATIO.

288 402 398 454 lum,
431 410 528 443 tum
565 400 677 444 idem
717 402 760 445 in
800 402 1073 447 Academiam
1107 418 1239 451 amor.
1317 406 1406 452 Nec

287 487 456 540 dubito,
491 486 591 544 quin
621 501 697 532 vos
724 502 789 532 me
828 488 1008 547 benigne
1042 492 1256 551 recepturi
1289 492 1407 548 sitis,

285 571 355 615 ubi
379 571 584 625 videritis,
615 586 682 616 me
713 571 851 616 studia
884 587 934 617 ac
968 573 1121 619 doctos
1159 576 1302 636 magni
1339 577 1410 622 fa-

286 671 403 708 cere,
435 656 746 716 sapientiaeque
775 656 975 716 cupidum
1005 673 1110 705 esse.
1171 660 1223 705 ln
1258 661 1408 722 primis

286 747 420 784 autem
446 755 513 785 me
535 741 655 785 vobis
680 741 950 799 conjunctum
980 743 1140 799 sentio,
1172 759 1281 802 quos
1308 746 1410 791 olim

283 833 605 885 praeceptores,
650 827 860 880 fautores,
907 827 1065 873 amicos
1094 828 1253 884 habui,
1300 829 1411 875 inter

283 910 362 954 hos
394 909 614 969 Kopsio
654 909 779 965 'etiam
824 917 863 954 et
897 910 1121 968 M011i03
1177 919 1298 962 utet
1329 927 1410 959 vo—

258 994 374 1047 bis,
431 994 521 1038 Viri
561 993 858 1038 eruditissimi!
908 995 978 1052 qui
1019 995 1305 1047 humaniores,
1327 997 1411 1042 do-

274 1079 388 1127 cetis
425 1079 584 1123 litteras
630 1087 669 1123 et
716 1078 1057 1138 philosophiam,
1118 1080 1309 1138 adeoque
1354 1079 1409 1124 ad

281 1171 429 1213 ,nostra
469 1164 606 1207 studia
650 1164 814 1207 futuros
856 1163 1120 1222 praeparatis
1150 1164 1408 1223 Theologos.

285 1248 501 1305 Quantum
530 1247 638 1291 enim
668 1253 804 1291 vestra
841 1248 975 1291 valeat
1006 1246 1212 1292 institutio
1241 1247 1285 1291 in
1311 1248 1411 1293 illo-

278 1347 378 1376 ¹rum
411 1331 551 1375 animo
591 1339 630 1375 et
666 1331 833 1389 ingenio
871 1331 1094 1375 formando
1128 1331 1182 1375 ad
1220 1339 1409 1377 nostram

288 1417 548 1476 disciplinam
589 1415 921 1474 intelligendam,
952 1415 1174 1474 ipsamque
1215 1416 1412 1475 Religio-

281 1517 382 1554 ,nem
409 1499 485 1545 rite
515 1500 813 1545 aestimandam
829 1532 841 1554 ,
872 1515 921 1544 ex
944 1500 1040 1559 ipso
1065 1500 1269 1546 orationis
1293 1516 1411 1547 meae

287 1593 532 1645 argumento
567 1584 714 1644 patuit.
787 1583 864 1627 Est
908 1590 1046 1627 autem
1090 1583 1196 1628 haec
1239 1591 1410 1648 nostrae

282 1670 540 1715 Academiae
577 1668 751 1713 felicitas
787 1669 928 1726 palam
965 1667 1272 1727 praedicanda,
1310 1683 1409 1713 om-

287 1769 360 1798 nes
395 1753 567 1797 omnino
607 1752 900 1805 Professores,
948 1751 991 1794 in
1032 1766 1211 1808 quorum
1252 1752 1408 1798 scholis

286 1838 420 1882 nostri
460 1837 667 1895 Theologi
706 1836 888 1895 primum
926 1835 1200 1880 instituuntur
1238 1844 1278 1881 et
1310 1837 1408 1887 for-

283 1930 478 1985 mantur,
510 1921 553 1964 in
594 1921 638 1964 id
680 1920 943 1972 incumbere,
975 1926 1019 1962 ut
1057 1919 1151 1963 illos
1183 1933 1269 1963 non
1309 1927 1408 1964 tan-

288 2015 374 2051 tum
407 2005 566 2066 pulcri,
613 2004 686 2048 sed
723 2011 762 2048 et
794 2003 880 2048 veri
922 2003 1110 2060 bonique
1146 2004 1286 2048 studio
1321 2005 1408 2049 im-

285 2091 433 2135 buant.
494 2091 601 2132 Nam
625 2088 695 2144 qui
723 2087 806 2132 hoc
832 2087 970 2131 studio
995 2088 1164 2145 flagrat,
1198 2087 1294 2132 huic
1321 2103 1406 2134 non

288 2182 427 2234 potest
441 2187 527 2218 non
545 2173 710 2231 placere
728 2171 966 2215 Christiana
985 2171 1161 2229 Religio.
1239 2172 1407 2230 Pergite

287 2258 412 2317 igitur
441 2272 514 2304 vos
543 2257 624 2300 hac
651 2256 812 2300 ratione
839 2263 1002 2300 vestros
1030 2254 1244 2299 instituere
1277 2255 1407 2300 disci-
