1492 2896
288 249 330 284 13
583 242 1092 282 INTROITUS.

284 356 329 400 τὴ
365 354 573 400 διέστηκεν,
606 353 735 401 ὥςπερ,
771 353 806 392 ἐν
845 353 1054 400 πλάστιγγι
1093 354 1199 403 ζυγοῦ
1236 355 1393 401 κειμένου

285 424 474 471 ἑκατέρου,
500 424 555 462 ἀεὶ
576 423 633 462 ἐπὶ
660 423 856 461 τόυνάντιον
877 421 1079 469 ἑέποντοι”;
1098 421 1180 471 (ι).

335 492 487 530 Factum
515 492 582 529 hac
625 490 797 529 Politicae
835 501 920 528 curn
958 490 1092 529 Ethica
1131 491 1395 541 conjunctione

286 569 373 608 est,
409 569 451 598 ut
481 560 649 598 moribus
684 561 872 598 servandis
907 560 1094 598 civitatem
1123 562 1233 602 simul
1256 561 1392 599 servari

284 630 430 678 antiqui
460 630 762 668 existimaverint.

352 731 562 780 „Moribus
586 734 753 783 ant-'quis
779 744 837 769 res
860 741 935 770 stat
958 731 1132 770 Romana
1152 733 1344 783 virisque’'

285 839 423 877 cecinit
455 840 633 886 Ennius,
670 850 706 878 et
740 840 842 888 quod
877 840 938 877 ille
970 842 1014 878 de
1041 840 1241 886 Romanis,
1271 841 1308 878 id
1334 840 1394 878 alii

285 910 332 948 de
364 909 582 948 civitatibus
615 910 652 947 in
679 921 809 959 genere
834 909 1000 958 professi
1026 920 1114 948 sunt
1137 911 1219 960 (α).
1272 911 1395 948 Mori-

287 979 360 1018 bus
386 980 601 1018 crescebant
629 988 664 1018 et
697 980 970 1018 invalescebant
999 980 1171 1028 antiquae
1201 980 1393 1027 civitates3

287 1050 353 1087 sed
389 1059 490 1087 erant
523 1051 575 1087 illi
609 1050 655 1088 ad
687 1051 987 1098 temperantiam,
1012 1049 1219 1099 Justitiam,
1246 1048 1397 1086 fortitu-

287 1119 408 1157 dinem
426 1147 440 1164 ,
478 1120 615 1168 patriae
648 1131 833 1165 amorem,
862 1120 1036 1157 virtutem
1065 1119 1217 1156 omnino
1240 1129 1396 1166 compo-

286 1188 365 1227 siti.
414 1175 574 1226 'Morum
606 1189 719 1237 igitur
755 1188 982 1235 integritati,
1012 1198 1053 1226 ut
1080 1188 1295 1226 firmissimo
1325 1189 1395 1225 rei-

286 1257 459 1306 publicae
497 1259 688 1307 ,praesidio
707 1286 719 1306 ,
779 1258 1058 1307 prospiciebant
1107 1258 1394 1305 legumlatores,

287 1329 533 1366 consulebant
560 1329 701 1377 optima
726 1338 842 1367 aetate
869 1328 1102 1375 magistratus
1118 1356 1131 1374 ,
1158 1337 1196 1366 ut
1221 1327 1322 1375 quod
1343 1327 1394 1363 la-

289 1396 471 1436 befactare
504 1407 696 1445 putaretur
730 1399 866 1436 civium
894 1398 1094 1435 bonitatem
1125 1406 1161 1435 et
1189 1396 1363 1435 virtutem
1382 1424 1395 1442 ,

286 1466 324 1504 id
351 1478 428 1504 non
459 1478 578 1505 arcere
607 1467 791 1515 piaculum
818 1467 1006 1504 ducerent.
1035 1488 1088 1496 —
1149 1466 1221 1502 Sed
1245 1465 1331 1502 haec
1361 1473 1396 1502 et

286 1546 385 1574 nunc
418 1537 506 1575 satis
535 1538 610 1574 sint
639 1546 675 1573 et
703 1537 740 1573 in
772 1536 925 1584 reliquis
950 1536 1163 1583 diligentius
1185 1534 1394 1572 tractabun-

285 1614 371 1652 tur,
400 1618 511 1653 quare
538 1607 582 1644 ad
609 1607 726 1654 ipsam
756 1607 1006 1652 quaestionem
1033 1606 1261 1643 accedamus.

330 1699 379 1739 (ι)
405 1698 488 1729 Plat.
520 1703 557 1731 de
578 1702 661 1740 Rep.
693 1699 770 1730 Lib.
793 1699 896 1730 VIII.
924 1710 956 1737 p.
977 1698 1047 1728 550.
1072 1698 1112 1730 E.
1159 1699 1238 1728 Rem
1263 1708 1301 1728 ex
1323 1699 1395 1738 ipso

289 1751 423 1781 Platone
443 1752 563 1790 optime
586 1754 735 1790 exposuit
758 1752 847 1783 Nob.
869 1753 907 1781 de
930 1753 1037 1789 Geer,
1061 1751 1123 1782 1.1.
1147 1762 1180 1790 p.
1203 1751 1273 1782 158.
1295 1762 1367 1791 sqq.

331 1806 380 1847 (2)
403 1805 591 1836 Nominasse
612 1806 746 1835 sufficiat
766 1806 850 1835 Plat.
873 1807 911 1836 de
925 1808 1027 1847 Legg.
1047 1802 1123 1835 Lib.
1140 1805 1297 1844 imprimis
1311 1805 1393 1838 Vn.

288 1868 321 1897 p.
344 1868 415 1900 797,
438 1858 473 1888 Β.
497 1869 590 1899 sqq„
615 1859 671 1888 ubi
696 1859 759 1888 lale
780 1858 839 1889 hac
860 1859 898 1888 de
921 1870 954 1888 re
976 1859 1128 1898 disputat.
1152 1859 1267 1889 Cicero
1289 1859 1394 1888 Ennio

288 1922 327 1941 ex
350 1913 454 1942 animo
475 1913 645 1943 assentitur
667 1916 704 1943 de
726 1916 810 1952 Rep.
834 1912 909 1941 Lib.
933 1913 998 1943 111.
1023 1924 1051 1943 e.
1069 1923 1133 1953 19.;
1158 1912 1235 1943 Lib.
1249 1912 1292 1943 V.
1314 1924 1342 1943 c.
1360 1923 1389 1943 ι.

1277 2426 1391 2464 SEC.
