1492 2896
270 236 655 276 PHILOSOPHICO
667 258 683 266 -
699 236 1003 277 i—ns'rotucA.
1147 252 1195 288 93

90 346 232 392 comia,
268 355 307 383 ut
347 346 449 394 pueri
491 346 635 383 accensi
670 347 911 386 aemulatione
949 347 1032 385 illos
1069 347 1202 387 imitari

95 418 265 458 studeant
290 425 324 452 et
350 417 441 452 tales
468 415 540 463 ipsi
563 417 714 454 evadere
738 417 823 465 (1).
879 417 920 454 ln
945 417 1052 455 libris
1080 427 1201 456 autem

89 486 134 524 de
165 485 369 535 Republica
405 486 447 522 de
477 485 746 540 principum&
774 488 969 525 custodum
991 487 1029 525 in
1053 473 1204 526 civitate

91 567 157 594 sua
184 556 400 593 educatione
433 557 590 602 plurima
617 565 728 610 atque
754 557 883 594 eximia
911 568 1067 604 prorsus
1097 568 1204 605 prae-

89 635 195 674 cepta
219 626 319 664 Plato
349 625 525 673 tradidit,
560 626 762 663 secundum
791 637 884 673 quae
904 627 1063 676 juvenes
1099 626 1206 665 insti-

89 696 218 735 tuendi
253 697 297 734 ad
330 696 504 734 virtutem
542 704 692 742 essent,
731 705 771 733 ut
803 697 848 734 ad
875 696 1019 735 virilem
1053 706 1206 736 aetatem

92 778 207 814 quum
235 765 503 813 accessissent,
530 765 640 814 probi
661 766 885 813 honestique
906 766 975 804 viri
991 767 1203 806 evaderent.

93 836 214 885 Ejecit
244 836 357 884 igitur
384 844 523 873 tantum
549 846 626 874 non
652 847 781 873 omnes
802 848 822 873 e
843 835 997 874 civitate
1025 848 1093 875 sua
1116 848 1210 885 poe·

94 915 176 953 tas,
201 906 342 954 quippe
363 906 428 953 qui
456 906 581 954 pravis
612 908 657 943 de
681 905 765 945 Diis
788 906 1032 954 opinionibus
1048 906 1207 953 J'uvenes
1246 942 1253 950 ,

93 977 259 1015 imbuere
281 976 456 1014 solerent.
510 976 608 1014 Nam
637 975 675 1013 in
699 975 837 1024 pietate
861 988 949 1025 erga
977 978 1081 1015 Deos
1104 976 1208 1015 Plato

93 1046 215 1083 omnis
258 1044 408 1082 virtutis
446 1045 669 1094 principium
707 1046 851 1094 posuit.
927 1047 971 1085 In
1011 1046 1208 1097 seligendis

92 1125 213 1155 autem
243 1119 436 1165 poetarum
465 1115 558 1153 locis
576 1143 588 1162 ‚
622 1115 687 1162 qui
716 1128 800 1153 cum
821 1117 1019 1165 J‘uventute
1043 1127 1212 1154 commu·

93 1186 327 1233 nicar-entur,
360 1186 410 1224 id?
431 1196 476 1224 ex
510 1186 589 1235 ejus
628 1185 812 1223 sententia
842 1186 998 1224 maxime
1021 1194 1212 1235 spectetur

95 1264 272 1304 oportet,
302 1264 343 1294 ut
369 1256 414 1293 ad
437 1255 608 1293 virtutem
638 1254 863 1295 excitandam
881 1285 894 1304 ‚
924 1258 1125 1305 augendam
1149 1256 1212 1295 fir-

95 1327 337 1373 mandamque
362 1326 565 1374 comparati
592 1326 683 1364 sint.
740 1327 843 1365 Deus
870 1327 953 1365 ideo
978 1327 1024 1365 iis
1047 1326 1129 1364 talis
1153 1335 1212 1365 est

95 1395 389 1442 describendus,
436 1396 554 1443 qualis
592 1407 717 1434 revera
758 1406 840 1443 est,
879 1396 916 1434 id
951 1405 1031 1444 est,
1069 1397 1210 1435 bonus.

95 1465 192 1503 Nam
225 1465 262 1505 in
289 1466 454 1504 divinum
482 1478 618 1504 numen
645 1467 842 1518 turpitudo
867 1478 944 1505 non
970 1467 1067 1506 cadit
1090 1478 1214 1516 neque

100 1537 217 1574 Deum
253 1537 431 1572 malorum
463 1546 648 1587 auctore-m
676 1535 854 1585 appellari
885 1535 941 1575 fas
967 1545 1037 1576 est.
1093 1538 1212 1575 Deum

97 1617 211 1654 porro
250 1614 417 1653 tanquam
446 1607 761 1656 praestigiatorem
791 1609 969 1655 quendam
1003 1618 1214 1657 proponere

98 1685 133 1714 et
168 1675 303 1713 iccirco
341 1677 457 1714 varias
492 1676 631 1715 formas
666 1678 875 1716 induentem
913 1688 989 1715 non
1024 1678 1136 1725 licet,
1162 1679 1214 1716 si-

103 1744 250 1791 quidem
287 1756 423 1783 numen
471 1747 549 1795 ejtis
584 1746 632 1783 sit
666 1747 823 1795 simplex
853 1756 889 1784 et
912 1756 1067 1796 propter
1094 1747 1213 1796 perfe-

99 1823 192 1852 ctam
231 1814 404 1852 virtutem
447 1827 702 1864 summamque
729 1817 987 1865 praestantiam
1007 1818 1110 1855 nulli
1135 1829 1216 1870 mu-

102 1884 233 1920 tationi
259 1874 477 1923 obnoxium.
528 1884 714 1935 Quocirca
743 1887 774 1924 si
797 1887 855 1925 his
882 1887 1064 1925 contraria
1090 1888 1217 1936 profe·

101 1963 188 1990 runt
222 1955 446 1993 carminibus
483 1957 562 1993 suis
599 1959 756 2004 poetae,
795 1969 939 1996 morum
965 1961 1212 2008 corruptelam

100 2024 313 2061 inducentes
343 2026 378 2062 in
407 2025 621 2073 civitatem,
659 2027 764 2064 nullo
792 2030 905 2066 modo
932 2039 1021 2068 sunt
1047 2029 1213 2077 ferendi,

102 2094 166 2131 sed
201 2121 224 2139 „
241 2099 520 2144 χαλεπανοῦμέν
558 2113 597 2137 τε
636 2099 696 2137 καὶ
729 2101 832 2148 χορὸν
869 2102 906 2139 οὐ
935 2101 1113 2150 δώσομεν,
1139 2103 1213 2141 οὐδὲ

101 2167 181 2207 τοὺς
221 2167 455 2210 δῶκα-κάλους
492 2168 644 2214 ἐάσομεν
688 2170 746 2208 ἐπὶ
790 2170 935 2218 παιδείᾳ
968 2172 1120 2219 χρῆσθαι
1147 2177 1216 2212 τῶν

101 2236 205 2277 νέων,
247 2237 276 2273 εἴ
310 2238 499 2282 μέλλουσιν
531 2240 611 2284 ἡμῖν
635 2240 664 2277 οἱ
697 2241 861 2287 φύλακες
893 2242 1067 2288 θεοσεβεῖς
1090 2258 1130 2282 τε
1151 2244 1211 2282 καὶ

145 2355 191 2394 (a)
220 2354 296 2383 mar.
325 2357 457 2397 I'Jvliag.
486 2367 517 2395 p.
549 2357 617 2387 325.
644 2358 680 2387 C.
704 2374 742 2385 -—
767 2359 836 2390 526*
864 2361 902 2391 A.
1139 2328 1198 2353 5¹0!
