1492 2896
607 263 646 298 ll

118 397 241 442 'Alter
291 393 449 451 juvenis
504 400 563 437 est
626 393 926 437 EVERARDUS
975 386 1184 443 Fames,

81 473 358 533 Delphensis‚
409 470 481 528 qui
520 479 605 514 tum
641 471 793 529 ingenii
840 470 1061 514 felicissimi
1112 486 1187 514 ex-

81 549 291 603 cellentia,
321 557 408 593 tum
434 548 629 606 singulari
657 547 913 592 humanitate
930 579 942 601 ‚
969 548 1190 592 urbanita-

81 631 170 683 te·,÷'
206 627 410 672 modestia
457 616 582 683 atque
630 640 792 677 morum
836 625 1055 670 honestate
1101 640 1192 671 sese

77 705 237 764 optime
291 702 633 755 commendavit,
699 710 786 746 tum
848 703 1026 760 denique
1083 717 1192 747 con·

78 782 235 841 scripta
272 796 345 826 sua
390 779 679 825 dissertatione
721 784 775 823 de
806 782 1021 833 Samnii-9,
1067 795 1192 837 quam

84 860 263 904 mascule
310 874 402 902 eum
449 858 741 902 defendentem
791 857 1050 911 audivimus,
1093 857 1194 914 quid

83 938 137 981 ab
181 951 231 981 eo
277 936 510 995 exspectari
550 936 710 994 possit,
753 935 858 979 adeo
893 935 1117 993 probavit,
1152 941 1196 977 ut

81 1015 149 1058 ille
179 1028 346 1071 quoque
383 1013 461 1056 hos
504 1013 688 1056 honores
726 1019 874 1070 petens
907 1012 1054 1069 dignus
1084 1011 1196 1067 judi-

83 1099 200 1135 catus
226 1090 304 1143 sit,
343 1090 386 1133 in
417 1104 540 1146 quem
568 1090 830 1148 praeclarum
860 1089 943 1133 hoc
968 1088 1121 1147 ingenii
1159 1096 1198 1131 et

84 1168 248 1213 virtutis
278 1167 505 1227 praemium
544 1168 816 1211 conferretur.
864 1165 869 1168 ’

90 1268 91 1271 “
144 1246 229 1289 Vos
259 1244 404 1302 igitur,
436 1243 604 1301 juvenes
650 1244 922 1288 nobilissimi!
961 1244 1117 1298 invito,
1158 1253 1203 1288 ut

88 1325 188 1382 toga
228 1322 433 1366 doctorali
467 1322 548 1378 jam
580 1321 713 1366 induti
740 1321 783 1364 in
814 1321 925 1367 hunc
949 1323 1087 1366 locum
1119 1323 1200 1366 hu«

88 1408 282 1445 noratum
306 1399 570 1443 adscendatis
585 1433 596 1452 ,
615 1401 657 1442 in
686 1415 809 1456 quem
825 1414 949 1444 nemo
962 1432 973 1453 ‚
988 1400 1067 1443 nisi
1086 1415 1202 1444 sum·-

90 1493 157 1522 ma
196 1479 335 1521 laurea
381 1477 560 1521 donatus
601 1478 661 1521 vel
695 1477 917 1521 donandus
950 1477 1202 1531 admittitur,

89 1562 132 1599 ut
153 1555 218 1612 jus
240 1554 481 1598 cathedram
507 1541 788 1598 adscendendi
817 1562 941 1612 atque
967 1556 1201 1600 facultatem

92 1631 270 1675 docendi
312 1647 336 1674 a
379 1646 444 1675 me
489 1632 730 1690 accipiatis;
774 1633 970 1690 quocirca
1012 1634 1109 1677 mihi
1148 1635 1203 1677 ab

88 1714 271 1765 utroque
305 1709 432 1753 latere
465 1710 635 1753 adstetis
668 1725 836 1766 quaeso,

156 1784 318 1830 Salvete
345 1787 547 1831 carissimi
572 1788 762 1843 juvenes!
812 1788 963 1844 quibus
987 1788 1090 1831 hacc
1116 1796 1200 1831 stu»

98 1863 259 1907 diorum
311 1871 436 1920 atque
477 1865 712 1922 diligentiae
756 1865 941 1923 praemia
984 1876 1032 1907 ex
1068 1865 1207 1908 animo

97 1941 295 1997 gratulor.
383 1942 458 1986 Uti
498 1957 596 1986 vero
641 1943 747 1986 vitae
793 1943 1055 1987 academicae
1102 1943 1208 1987 bene

96 2024 292 2076 peractae
334 2019 491 2061 fructus
539 2019 944 2064 honorificentissimi
990 2028 1027 2064 et
1063 2022 1206 2065 merita

95 2094 309 2153 ,privilegia
334 2096 451 2139 vohis
477 2111 500 2138 a
527 2111 592 2141 me
615 2097 835 2141 tribuenda
859 2106 978 2152 sunt,
1006 2099 1064 2142 ita
1088 2099 1208 2143 simul

101 2179 195 2215 sunt
223 2173 465 2229 gravissima
504 2174 639 2217 officia
672 2174 941 2234 imponenda.
1021 2176 1077 2219 ln·
1108 2178 1208 2221 artis

104 2249 211 2293 enim
247 2258 413 2295 nostrae
457 2252 652 2296 exercitio
695 2253 843 2296 civium
884 2254 966 2297 vita
999 2262 1038 2298 et
1068 2256 1207 2308 salus,

104 2334 322 2386 parentum
341 2361 351 2381 ,
385 2329 561 2373 familiae
593 2337 717 2387 atque
749 2331 1049 2388 aegrotantium
1084 2347 1210 2390 saepe

104 2418 200 2462 spes
238 2405 377 2458 unica,
422 2407 642 2452 auxiliante
677 2407 795 2461 Deo,
839 2409 880 2452 in
917 2409 1083 2454 Medico
1121 2417 1213 2453 sunt
