1492 2896
268 269 321 313 112
364 268 404 313 J.
424 268 470 313 L.
489 267 533 312 C.
548 267 907 312 SCHROEDER
923 280 1023 311 vAN
1042 283 1136 312 nnn
1152 268 1315 315 KOLK

263 417 378 453 tovos
406 409 554 461 fuisse,
596 417 708 452 certa
737 408 919 465 quadam
948 405 1240 454 insanientium
1268 423 1368 456 cura

259 486 492 538 celebrem,
530 485 692 539 virum,
742 485 898 544 quippe
943 486 1018 542 qui
1048 486 1128 531 hos
1165 487 1367 543 miseros,
1403 500 1406 503 ·

258 563 429 607 simulac
469 563 717 614 delirarent,
759 557 968 606 tractabat
1007 563 1188 608 ferarum
1231 564 1366 609 instar

255 639 526 694 verberibus,
558 641 716 685 catenis
735 672 746 693 ‚
778 640 1090 700 perfusionibus
1121 656 1254 699 aquae
1284 642 1365 686 fri-

252 716 399 775 gidae,
429 717 537 762 fame
571 725 611 762 et
642 717 712 762 siti
740 718 857 776 (12).
1117 719 1120 722 ’

308 795 463 839 Verum
491 795 535 838 id
562 810 712 854 magna
743 810 791 839 ex
811 801 932 854 parte
959 794 1042 854 ipsi
1057 795 1223 840 Patriae
1241 809 1364 840 com-

249 886 373 916 mune
409 872 498 916 fuit
520 886 613 916 cum
654 871 742 916 aliis
786 872 1052 932 regionibus3
1112 872 1228 930 quod
1260 888 1362 918 vero

247 949 427 993 maxime
465 949 674 1000 dolemus,
707 949 790 993 hoc
812 950 910 1008 ipso
939 957 1129 1008 tempore
1148 981 1161 1000 ,
1191 964 1277 1007 quo
1314 947 1358 994 in

245 1026 458 1085 plerisque
511 1026 708 1086 Europae
740 1026 1003 1085 ‘regionibus
1053 1039 1155 1070 cura
1196 1026 1359 1071 medica

244 1102 534 1148 Maniacorum
586 1103 733 1148 eximie
769 1104 990 1148 emendata
1027 1103 1128 1157 fuit,
1186 1105 1230 1147 in
1269 1105 1358 1149 Pa-

243 1178 325 1223 tria
363 1186 507 1224 nostra
537 1181 706 1239 exiguos
733 1181 860 1224 modo
888 1181 984 1225 fecit
1020 1195 1285 1239 progressus.

301 1256 418 1301 Licet
445 1256 554 1301 enim
586 1257 653 1301 hic
670 1264 709 1301 et
727 1257 811 1302 illic
826 1260 952 1317 Asyla
981 1258 1145 1316 privata
1170 1265 1355 1312 exstent,

243 1333 394 1391 quibus
425 1333 603 1379 Maniaci
631 1343 876 1388 servantur,
907 1343 947 1380 et
980 1335 1215 1380 humaniter
1237 1334 1357 1381 trac-

242 1418 408 1464 tantur,
448 1418 588 1457 tamen
618 1413 862 1472 plerumque
897 1427 1021 1457 curae
1049 1413 1230 1458 hominis
1257 1414 1352 1474 pri·-

236 1488 342 1540 vati‚
402 1489 505 1534 artis
546 1489 732 1534 medicae
778 1505 953 1549 prorsus
997 1489 1210 1550 imperiti,
1257 1499 1356 1536 sunt

241 1565 482 1620 commissi,
512 1581 688 1624 quorum
719 1574 857 1612 tamen
898 1567 1036 1610 morbi
1069 1568 1351 1612 difficillimam
1413 1562 1417 1565 ’

238 1641 473 1687 Medicinae
512 1651 676 1702 partem
709 1644 980 1687 constituunt.
1015 1646 1092 1688 Ast
1130 1659 1229 1689 vero
1258 1645 1348 1691 aliis

237 1719 280 1762 in
319 1720 421 1764 locis
457 1720 590 1778 iisque
634 1721 822 1780 plurimis
864 1736 949 1764 non
991 1721 1162 1774 melius,
1224 1737 1350 1778 quam

236 1795 506 1856 Swietenii
551 1799 740 1857 tempore
784 1798 972 1843 cavernis
1023 1797 1347 1858 carceribusque

235 1876 421 1932 angustis
450 1874 748 1927 secluduntur,
779 1883 847 1920 aut
887 1890 982 1920 cum
1022 1876 1199 1935 captivis
1239 1877 1348 1921 furi-

233 1952 395 2009 busque
440 1943 654 1997 commixti
691 1952 816 1997 vitam
850 1952 1121 1997 miserrimam
1160 1954 1341 2009 ducunt,

233 2028 463 2086 equibus,
494 2029 528 2074 si
562 2031 655 2086 quis
694 2045 819 2075 sanus
845 2030 1013 2082 redeat,
1054 2030 1119 2074 vix
1156 2045 1342 2088 unquam

231 2114 369 2149 autem
398 2107 667 2150 restituuntur
707 2108 899 2159 sanitati,
943 2107 1214 2153 fortissimum
1258 2107 1343 2151 do-

232 2191 467 2226 cumentum
519 2185 720 2242 praebet,
781 2191 936 2241 quanta
987 2184 1203 2228 obstacula
1244 2184 1340 2243 ipso

232 2262 383 2304 morbo
412 2261 574 2316 majora
597 2262 754 2304 Natura
779 2261 985 2305 interdum
1015 2275 1211 2320 superare
1234 2276 1341 2320 pos-

232 2338 296 2381 sit.
331 2363 381 2372 --
417 2337 539 2381 Hisce
583 2344 797 2381 carcerum
833 2345 871 2381 et
903 2352 1172 2382 cavernarum
1199 2339 1339 2397 posti-
