1492 2896
320 200 699 240 PHILOSOPHICO
715 223 730 231 -
745 200 1047 242 HISTORICA.
1166 216 1235 253 137

141 308 292 347 Amisso
328 309 421 347 enirn
455 310 617 358 justitiae
652 320 686 348 et
715 309 867 358 pudoris
895 323 1031 358 sensu,
1065 311 1237 350 dissoluti

140 378 304 416 moribus
335 381 459 425 cives,
493 381 593 426 quod
615 380 785 428 justum,
820 381 922 427 quod
956 381 1150 419 honestum
1181 390 1237 419 est

138 447 245 485 flocci
262 449 519 495 aestimante3‚
543 451 793 496 quodcunque
818 460 919 486 suam
946 453 1111 489 coerceat
1133 450 1239 489 lasci-

138 515 233 554 viam
262 527 298 554 et
322 518 559 565 petulantiam
578 517 720 556 frenum
744 518 936 566 repudiant
954 521 1234 567 excutiuntque.

136 585 243 625 Nihil
269 596 403 624 tantam
426 588 472 624 iis
498 588 591 634 parit
617 588 847 634 molestiam,
884 599 1053 636 quantam
1086 590 1143 626 vel
1170 589 1238 626 mi-

134 653 232 692 nima
255 656 395 692 servitii
419 655 558 701 forma,
593 664 631 691 ut
660 657 780 704 ipsun]
802 657 892 694 adeo
916 657 1081 704 servitii,
1103 659 1236 696 volun-

134 722 216 759 tarii
241 724 347 761 etiam
363 753 376 771 ‚
400 736 531 762 nomen
554 726 677 762 audire
700 726 881 773 piaculum
907 727 1056 765 ducant.
1110 728 1237 776 Itaque

135 802 270 845 severo*
289 793 352 830 illo
377 802 413 831 et
441 793 660 833 intolerabili
678 824 690 842 ‚
707 805 757 844 *ut
784 796 1008 843 opinantur,
1027 799 1152 846 legum
1170 798 1238 835 im·

134 861 239 909 perio
265 870 451 912 contemto
472 890 485 909 ‚
510 875 735 912 quocunque
756 867 870 904 trahat
893 867 1098 906 lubidinurn
1124 869 1237 915 impe·

135 939 218 977 tus,
235 942 278 969 eo
298 940 432 978 temere
443 943 484 969 ac
499 933 764 972 inconsiderate
780 944 893 972 ruunt
907 936 987 984 (1).
1022 936 1097 975 Ubi
1116 945 1233 975 autern

134 1011 178 1039 eo
200 1001 367 1048 pervenit
385 1001 558 1039 effrenata
580 1003 722 1040 licentia
743 1004 966 1052 multitudo,
983 1014 1234 1054 praeterquam

135 1070 245 1118 quod*
270 1070 308 1108 in
343 1071 503 1109 comitiis
537 1084 681 1111 causam
715 1074 937 1121 reipublicae
969 1086 1046 1113 non
1081 1074 1238 1122 amplius

133 1149 367 1188 sustentant,
405 1151 575 1189 eatenus,
594 1142 646 1179 illi
679 1143 751 1189 sibi
777 1153 949 1191 pararunt
971 1144 1100 1191 agendi
1126 1145 1238 1190 liber-

136 1219 270 1256 tatem,
304 1220 351 1248 ,ιη
387 1213 487 1259 quod
524 1211 596 1248 sibi
630 1213 816 1250 vindicant
847 1214 935 1262 jus,
962 1214 998 1252 id
1020 1215 1137 1252 ceteri
1157 1227 1237 1252 om-

133 1290 199 1318 nes
231 1279 411 1326 habeant,
448 1289 487 1317 ut
522 1292 650 1318 omnes
689 1282 823 1329 pariter
860 1294 929 1329 pro
972 1283 1095 1320 lubitu
1129 1291 1238 1331 agant

131 1349 243 1396 inque
268 1358 381 1386 semet
408 1349 563 1387 invicem
594 1352 784 1398 saeviant,
819 1361 859 1389 ut
883 1363 921 1389 re
957 1364 1039 1392 vera
1069 1353 1168 1392 nulla
1197 1353 1236 1390 in

131 1426 208 1457 tota
236 1419 383 1457 civitate
408 1420 501 1458 adsit
535 1420 710 1467 libertas,
752 1422 859 1470 cujus
902 1434 995 1469 quae
1037 1423 1143 1460 etiarn
1183 1434 1237 1460 re·
1284 1463 1286 1465 ,

132 1488 264 1525 mansit
290 1489 444 1527 formam
473 1490 617 1527 tandem
644 1491 740 1529 delet
764 1503 918 1539 prorsus
946 1501 1026 1530 orta
1053 1491 1233 1542 tyrannis-

130 1557 343 1598 Probabunt
360 1558 448 1599 haec
465 1560 549 1597 item
565 1560 709 1609 egregie
724 1562 955 1609 antiquarum
974 1562 1134 1610 gentium
1151 1560 1236 1605 fata.

633 1702 666 1748 ς.
703 1714 741 1739 2.

267 1840 302 1877 E
331 1841 436 1890 lapsu
463 1841 685 1890 reipublicae
711 1841 1100 1881 Lacedaemoniorum.

177 1974 362 2020 Caverat,
392 1975 494 2022 quod
520 1985 629 2021 supra
654 1975 825 2021 ostendi,
851 1975 952 2013 omni
974 1976 1100 2013 studio
1119 1976 1239 2014 'Lace-

123 2044 398 2085 daemoniorum
430 2044 647 2093 legislator,
675 2056 722 2083 ne
746 2054 1071 2094 corrumperentur
1097 2045 1234 2088 civium

1148 2127 1238 2154 SUO-

168 2178 216 2219 (ι)
241 2178 401 2211 Similiter
422 2190 552 2210 suorum
574 2179 709 2208 maxime
731 2177 913 2218 aequalium
933 2178 1110 2218 nequitiam
1122 2182 1237 2209 notans

124 2231 298 2272 Horatius,
325 2235 433 2264 Carm.
457 2233 534 2264 Lib.
557 2233 624 2264 ΙΙΙ.
649 2232 715 2264 od.
736 2231 871 2275 XXIV.
892 2243 941 2263 vs.
963 2232 1038 2263 550:

429 2308 454 2326 ‚,
475 2289 566 2328 Quid
592 2287 680 2328 leges
705 2287 776 2316 sine
804 2285 949 2318 moribus

512 2341 627 2372 Vanae
644 2338 896 2380 proficiant.=⁷''
