1492 2896
247 218 630 263 PHILOSOPHICO
645 242 655 250 -
671 220 980 261 HISTORICA.
1102 210 1170 270 169

570 390 607 435 ὃ.
640 402 674 428 2.

199 524 235 560 E
263 526 387 573 vigore
414 523 636 573 reipublicae
662 521 1054 561 Lacedaemoniorum.

116 655 288 704 Excipiat
313 656 385 706 jam
419 655 610 694 Politicam
644 655 818 702 antiquae
852 653 1043 692 Historiae
1075 652 1180 693 testi-

65 726 232 764 monium
255 754 267 773 ‚
301 738 378 775 quo
405 737 498 774 quae
523 724 625 764 illius
651 724 832 773 principia
860 725 1010 762 tradunt
1030 732 1076 776 et.
1092 735 1182 773 pro·

62 797 199 834 bentur
231 805 267 833 et
304 795 582 834 confirmentur.
644 794 728 844 Qua
763 803 885 833 autem
930 794 1073 832 ratione
1106 795 1179 832 hoc

62 867 330 905 instituendum
357 867 406 903 sit
423 895 434 912 ,
466 849 618 903 dubium
647 876 730 904 esse
754 876 831 902 non
853 873 994 913 potest.
1047 864 1177 915 Quum

63 936 204 974 scilicet
230 938 273 974 ad
297 948 439 974 morum
463 936 676 973 servandam
700 935 944 983 integritatem
972 934 1178 989 antiquitus

64 1005 288 1044 referrentur
311 1005 433 1043 omnia
450 1034 462 1052 ‚
499 1007 620 1054 legum
650 1005 790 1043 fundus
817 1005 854 1042 in
884 1004 1053 1043 moribus
1081 1013 1180 1043 esset

61 1075 233 1123 positus,
260 1076 431 1122 sequitur
460 1076 586 1121 ultro,
627 1084 668 1112 ut
694 1075 869 1122 quamdiu
897 1075 1027 1113 intacti
1051 1085 1178 1114 essent

61 1145 196 1185 civium
226 1157 371 1192 mores,
413 1146 624 1183 colerentur
657 1145 764 1183 etiam
802 1146 928 1193 leges,
966 1144 1069 1184 firma
1105 1157 1184 1185 ma·

62 1224 165 1253 neret
200 1216 391 1254 civitatum
431 1215 597 1254 libertas.
651 1216 887 1255 Attendenda
919 1215 1033 1266 igitur
1064 1215 1177 1254 nobis

38 1285 224 1324 'omnium
250 1286 407 1324 maxime
431 1294 487 1323 est
513 1285 663 1324 moralis
680 1285 823 1324 ‘civium
847 1286 1015 1325 conditio
1032 1313 1045 1333 ,
1065 1288 1178 1336 quip-

58 1367 106 1403 pe
132 1367 152 1393 a
171 1355 278 1404 cujus
303 1356 526 1404 praestantia
555 1356 773 1404 pependerit
799 1368 957 1405 prorsus
981 1356 1174 1396 civitatum

57 1436 135 1463 tum
172 1426 278 1474 vigor
312 1435 389 1475 tun]
424 1426 589 1464 libertas.
656 1426 806 1464 Initium
849 1426 963 1474 igitur
998 1425 1174 1465 faciamus

57 1508 77 1533 a
103 1496 477 1534 Lacedaemoniorum
502 1497 705 1545 republica.

108 1566 198 1616 Quo
234 1566 453 1604 tetenderint
498 1567 585 1604 olim
628 1566 798 1615 Lycurgi
831 1568 931 1617 leges
965 1569 1173 1607 summatim

59 1647 117 1674 me
141 1647 325 1684 exponere
350 1635 516 1674 memini.
563 1636 706 1675 Bellum
729 1636 909 1686 imprimis
935 1638 1174 1686 spectabant,

59 1715 100 1743 ut
136 1717 212 1743 rem
245 1706 398 1754 patriam
428 1704 575 1743 fortiter
605 1706 697 1744 foris
731 1717 1035 1756 propugnantes,
1073 1709 1174 1747 cives

58 1775 96 1812 in
133 1773 337 1813 libertatem
375 1787 415 1813 se
448 1776 557 1813 simul
590 1776 663 1823 ipsi
702 1777 961 1824 vindicarent,
997 1778 1099 1815 domi
1128 1776 1174 1817 ad

60 1843 232 1881 virtutem
268 1844 455 1883 informati
491 1847 652 1894 parendo
688 1847 834 1894 legibus
870 1842 1017 1886 summa
1039 1850 1173 1896 gaude-

58 1922 141 1952 rent
163 1914 396 1961 aequalitate.
454 1916 558 1953 Hanc
597 1925 717 1953 autem
757 1927 797 1953 ut
834 1916 993 1955 firmaret
1023 1918 1172 1957 civibus

55 1983 292 2030 libertatem,
328 1995 413 2020 cum
450 1983 517 2021 alia
554 1984 669 2021 multa
700 1985 852 2022 novavit
879 1993 958 2023 tum
994 1987 1167 2024 Senatum

54 2052 244 2099 instituit,
276 2054 350 2100 „sq'u
378 2053 676 2101 (amdan-xviv?
710 2054 763 2092 uti
788 2055 896 2093 tradit
918 2055 1139 2095 Plutarchus
1156 2086 1168 2102 ,

58 2128 206 2173 „epm-tu
242 2125 257 2162 ὅ
291 2125 448 2163 Πλάτων
482 2131 526 2171 τῇ
559 2129 625 2164 τῶν
651 2126 832 2172 βασιλέων
857 2129 954 2176 ἀρχῇ
979 2114 1170 2176 <maxum-

53 2196 155 2242 νούση
193 2196 408 2242 μιχθεῖσικν,
458 2195 517 2233 καὶ
556 2196 745 2243 γενομένην
785 2196 988 2245 ἰσόψηφον,
1028 2200 1076 2242 εἰς
1098 2201 1166 2238 ’τὰ

53 2263 213 2310 μέγιστ-οε
251 2265 422 2311 σωτηρίαν
459 2263 539 2310 ἅμα,
580 2265 640 2303 καὶ
682 2267 905 2314 σωφροσύνην
945 2275 1164 2317 παρασχεῖν·

53 2333 260 2380 αἰωρουμένη
299 2335 371 2380 γὰρ
403 2336 421 2378 ἡ
455 2337 620 2373 man-six
653 2337 712 2373 κικὶ
749 2338 992 2377 ἀποκλίνουσα
1018 2342 1076 2378 νῦν
1102 2342 1168 2386 μὲν

1123 2413 1165 2452 ὦς
