1492 2896
636 249 660 290 9

84 381 410 437 inexhaustoque
446 382 558 424 sonte
595 381 717 439 plena
753 381 930 425 eruditio
971 389 1096 439 atque
1129 397 1199 425 sa-

84 446 239 516 pientia
270 465 330 501 est
363 457 604 501 haurienda.

143 536 257 579 Illam
281 535 404 593 igitur
429 534 535 578 viam
563 541 677 578 tanta
705 528 946 579 assiduitate
974 543 1013 580 et
1045 536 1198 580 ardore

85 612 336 672 patefactam
355 644 366 665 ‚
396 612 572 656 fideliter
598 612 796 664 teneatis,
828 619 873 655 ut
900 612 1063 668 qualem
1093 612 1200 657 vitae

87 689 351 733 academicae
393 690 499 734 bene
529 697 725 749 peractae
758 690 881 733 finem
919 690 1203 734 honorificen-

85 765 287 810 tissimum
316 766 400 823 jam
424 765 664 824 imponitis,
695 766 817 809 talem
850 765 957 809 vitae
983 765 1026 808 in
1054 766 1201 809 civium

86 842 302 887 utilitatem
329 842 566 902 impensae,
598 843 860 895 fructuosae,
893 843 1085 886 doctrina
1117 843 1206 886 vir*

87 920 327 978 tutibusque
351 928 525 964 ornatae
547 920 695 974 finem,
724 928 858 964 mente
883 920 1050 980 placida
1074 921 1205 964 felici-

89 997 268 1054 tatisque
308 1006 500 1042 aeternae
539 997 744 1056 praesaga
774 997 990 1056 imponere
1021 998 1204 1056 possitis.

147 1074 240 1118 Hoc
280 1074 458 1131 denique
503 1074 702 1126 teneatis,
736 1075 940 1130 quidquid
977 1074 1021 1117 in
1060 1083 1207 1133 postem

90 1167 181 1196 rum
204 1151 325 1194 vobis
347 1151 549 1204 evenerit,
577 1151 699 1208 hujus
723 1150 802 1194 diei
826 1152 1091 1210 splendorem
1116 1168 1208 1196 me—

91 1229 278 1286 ritosque
308 1228 516 1276 honores,
546 1228 697 1285 quibus
735 1243 836 1275 mox,
872 1229 1050 1273 ornandi
1088 1230 1207 1284 estis,

91 1320 212 1350 nemo
254 1305 374 1349 vobis
408 1306 569 1365 eripere
614 1305 794 1364 poterit,
856 1307 1058 1364 quidquid
1099 1308 1206 1351 enim

93 1382 313 1442 praeterit,
339 1382 486 1433 effluit,
514 1391 729 1426 remanent
754 1391 914 1437 tamen,
940 1400 1046 1441 quae
1062 1385 1210 1428 virtute

95 1467 136 1504 et
153 1467 264 1504 recte
278 1460 397 1504 factis
413 1460 505 1517 quis
530 1468 775 1504 consecutus
800 1468 883 1513 est,
912 1476 1046 1518 neque
1068 1463 1110 1505 in
1137 1479 1213 1507 ex-

94 1545 230 1582 tremo
253 1537 398 1581 aetatis
424 1545 610 1596 tempore
636 1553 712 1581 nos
739 1538 953 1591 deserunt,
987 1554 1214 1598 eorumque

95 1614 331 1659 recordatio
362 1614 575 1673 aptissima
601 1615 803 1658 senectuti
830 1631 944 1658 arma
977 1618 1163 1674 praebet.

156 1692 304 1736 Testes
342 1690 448 1743 sint,
494 1691 582 1734 Viri
617 1688 897 1744 Doclissimi,⁴
930 1693 1208 1750 Amplissimi‚

100 1767 230 1826 priori
276 1769 382 1814 festo
438 1769 742 1813 semisaeeulari
792 1769 913 1825 hujus
959 1771 1209 1815 Academiae

98 1844 243 1888 iisdem
275 1845 509 1889 honoribus
539 1845 700 1897 ornati,
745 1861 921 1902 quorum
954 1855 1066 1898 tres,
1115 1864 1210 1891 rara

99 1937 200 1967 sane
228 1921 444 1974 felicitate,
473 1923 517 1965 in
552 1922 635 1966 hoe
673 1930 877 1967 conventu
915 1924 1052 1968 adhuc
1085 1940 1211 1982 prae-

99 2007 236 2044 sentes
275 2014 364 2043 esse
401 1999 649 2055 gaudemus,
679 1999 812 2057 iisque
849 2015 897 2043 ex
933 2001 1071 2044 animo
1111 2017 1211 2058 gra-

99 2077 302 2146 tnlamur,
335 2076 407 2132 qui
433 2091 594 2120 summo
631 2076 721 2134 jure
761 2077 813 2121 de
848 2078 981 2137 partis
1018 2079 1095 2123 illis
1127 2080 1210 2123 ho..

99 2153 273 2199 noribus
306 2154 351 2196 in
388 2160 596 2197 senectute
628 2153 766 2197 adhuc
802 2155 1057 2212 gloriantur,
1099 2171 1209 2214 quo-

100 2246 275 2290 rumque
306 2230 539 2290 praesentia
573 2231 816 2284 confirmat,
850 2233 967 2276 nefas
1001 2248 1089 2278 esse
1117 2235 1210 2279 dic-2

103 2317 170 2364 tu,
200 2310 392 2355 miseram
424 2325 512 2354 csse
544 2310 665 2356 talem
697 2317 962 2355 senectutem.
