1492 2896
298 291 349 329 12
552 286 636 330 PH.
668 287 718 330 G.
753 298 854 329 vAN
888 285 1147 339 HEUSDE,

293 434 391 464 sane
446 420 539 463 huic
588 426 754 464 nostrae
799 421 1048 465 Academiae
1102 420 1364 477 Trajectinae
1383 454 1395 473 ,

290 497 541 548 Auditores‚
587 498 688 541 tales
727 497 944 541 defuerunt
978 497 1233 556 philosophi.
1291 497 1397 556 Quis

290 573 526 632 diligentior
566 582 738 618 naturae
788 581 1073 633 perscrutator
1120 589 1213 618 cum
1262 575 1398 619 Mus-

289 650 693 702 schenbroekio‚
717 658 804 694 tum
821 650 1075 695 Geunsio?
1107 651 1212 708 Quis
1228 650 1396 696 Rhoc—

289 727 368 771 rio
406 735 552 772 nostro
585 727 962 787 Jurisprudentiam
1001 727 1162 772 acriore
1194 734 1235 772 et
1264 728 1396 787 magis

288 803 544 863 philosopho
585 804 754 862 ingenio
797 805 1010 849 excoluit?
1070 804 1176 862 Quis
1218 804 1398 862 denique

290 881 516 933 Witsio‚
549 881 639 938 quis
669 881 892 925 Ro'e'llio
920 881 1175 939 Theologiae
1198 881 1399 927 adhibere
1461 927 1464 930 Δ

288 973 430 1001 sanam
464 957 792 1017 philosophandi
833 958 1037 1001 rationem
1068 958 1291 1003 studiosius
1317 972 1398 1005 co-

285 1043 406 1079 natus
438 1036 534 1079 est?

346 1103 443 1167 Quo
484 1125 582 1154 vero
617 1111 739 1154 latius
776 1127 851 1170 per
892 1112 1000 1155 nulla
1043 1126 1127 1155 non
1165 1111 1394 1156 studiorum

287 1202 438 1244 genera
474 1186 533 1229 vis
574 1187 866 1246 phiiosophiae
906 1195 1043 1246 patet,
1094 1203 1142 1231 eo
1183 1188 1314 1246 magis
1351 1188 1394 1231 in

288 1271 506 1321 utramque
540 1271 700 1323 partem
736 1264 903 1322 publica
932 1264 1061 1323 ipsius
1087 1265 1128 1307 in
1159 1264 1396 1309 Academiis

287 1342 490 1386 institutio
528 1342 646 1385 valet.
710 1342 841 1393 Nam,
883 1341 996 1398 quod
1031 1341 1180 1385 Cicero
1218 1341 1269 1385 de
1304 1341 1399 1386 elo-·

288 1419 454 1477 quentia
479 1419 792 1478 pronunciavit:
818 1418 1067 1475 sapientiam
1087 1418 1175 1462 sine
1195 1418 1397 1474 eloquen-

288 1497 343 1542 tia
384 1511 534 1556 parum
569 1496 771 1555 prodesse
814 1494 1078 1544 civitatibus,
1121 1494 1395 1552 eloquentiam

286 1588 386 1618 vero
411 1573 499 1618 sine
523 1572 727 1632 sapientia
761 1571 927 1616 nimium
957 1571 1106 1615 obesse
1129 1572 1397 1628 plerumque,

287 1649 489 1708 prodesse
527 1664 766 1707 nunquam,
801 1649 843 1692 id
882 1649 1096 1707 aptissime
1127 1649 1168 1691 in
1204 1648 1396 1707 philoso-

290 1727 430 1785 phiam
461 1727 654 1784 quadrat.
717 1726 868 1769 Noouit
905 1725 1193 1777 vehementer,
1234 1725 1330 1777 ubi,
1373 1741 1395 1768 a

288 1803 492 1863 sapientia
525 1803 742 1860 sejuncta,
786 1803 980 1848 inanibus
1016 1802 1286 1862 opinionibus
1322 1817 1401 1846 ar-

286 1881 491 1939 gutiisque
527 1880 718 1937 juvenum
760 1879 922 1924 animos
960 1880 1176 1938 opplerct3
1210 1877 1398 1936 quoties-

287 1971 450 2014 cunque
473 1971 594 2010 vero,
617 1971 711 2000 cum
734 1955 939 2014 sapientia
962 1954 1290 2012 conjuncta‚·ad
1313 1969 1399 2014 op-

288 2034 387 2078 tima
411 2048 601 2091 quaeque
626 2033 817 2090 juvenum
843 2033 1004 2077 animos
1029 2032 1244 2085 excitavit,
1271 2030 1396 2076 toties

283 2110 534 2155 mirabiliter
574 2118 614 2155 et
661 2109 895 2154 civitatibus
935 2116 974 2154 et
1018 2123 1117 2154 vero
1157 2108 1397 2153 Academiis

287 2188 458 2248 profuit.
536 2187 674 2232 Patuit
718 2187 801 2230 hoc
844 2186 887 2229 in
940 2187 1086 2246 patriis
1133 2184 1397 2230 Academiis:

287 2279 432 2309 omnes
456 2264 637 2307 venerati
658 2263 727 2308 W
737 2263 800 2321 ijn
813 2262 988 2322 persii
1013 2261 1261 2321 sapientiam
1275 2270 1394 2307 sunt:

288 2341 416 2401 patuit
453 2340 493 2384 in
520 2341 598 2384 hac
628 2348 799 2393 nostra,
831 2339 1078 2393 Auditores,
1103 2340 1143 2383 in
1174 2354 1255 2397 qua
1281 2339 1401 2384 simi-
