1492 2896
309 274 365 318 66
420 275 458 318 J.
473 275 520 319 L.
534 275 580 319 C.
595 273 949 320 SCHROEDER
965 288 1065 320 vAN
1081 290 1178 320 DER
1190 277 1349 322 KOLK

309 423 390 460 tem
415 415 703 471 quaestiones,
732 431 836 472 quae
859 417 1047 460 decretae
1069 432 1090 459 a
1121 417 1288 474 singulis
1306 431 1412 459 nos-

309 500 399 536 trae
424 492 676 537 Academiae
705 494 1111 546 facultatibus‚nunc
1136 495 1257 538 vobis
1284 508 1413 551 prae-

310 569 520 626 legantur,
556 583 640 612 non
677 569 840 623 habe03
885 576 1040 613 mutata
1069 569 1174 613 enim
1209 571 1272 613 lex
1305 583 1411 616 con-

309 644 462 698 stituit,
493 652 538 688 ut
581 645 663 689 hoc
705 645 870 702 quidem
910 660 1020 689 anno
1058 661 1082 688 a
1120 647 1209 689 solo
1254 645 1410 690 Senatu

304 720 562 765 Academico
587 721 860 779 Groningano
886 722 1147 777 quaestiones
1175 722 1409 768 certaminis

309 796 481 840 literarii
514 805 820 856 proponantur.
853 798 968 855 Ergo
993 798 1074 841 hoc
1100 812 1184 841 non
1209 798 1410 856 impedit,

303 886 388 928 quo
406 872 540 917 minus
553 873 659 917 vires
683 881 838 918 vestras
863 873 906 916 in
924 875 1103 931 gloriosa
1128 875 1209 918 hac
1238 875 1407 919 Palaes-

301 956 365 992 tra
378 949 677 1009 periclitemini.
720 952 776 994 At
801 965 900 995 vero
916 965 1068 1009 parvus
1095 958 1155 994 est
1179 951 1288 995 inea
1304 950 1405 996 Vic-

299 1033 436 1070 iorum
453 1041 648 1071 numerus
664 1059 676 1080 ,
696 1028 834 1070 minor
850 1035 910 1071 est
929 1028 1048 1071 ctiam
1077 1038 1186 1070 nunc
1202 1027 1402 1071 redditus.

353 1103 446 1146 Alia
473 1111 611 1147 tamen
641 1112 702 1149 est
733 1104 969 1161 palaestra,
1002 1103 1134 1161 magis
1158 1105 1278 1148 etiarn
1308 1105 1404 1161 glo—

294 1180 432 1233 riosa,
473 1180 516 1223 in
550 1195 673 1237 quam
713 1180 884 1236 quilibet
921 1188 1129 1234 vestrum,
1173 1181 1401 1224 dummodo

292 1256 409 1300 firma
435 1265 496 1301 est
524 1258 605 1316 ipsi
630 1260 842 1312 voluntas,
890 1258 976 1301 sine
1003 1258 1188 1315 periculo
1223 1258 1399 1303 descen-

293 1333 418 1386 dere,
477 1341 600 1390 atque
632 1336 889 1393 praeclaram
938 1348 1137 1376 coronam
1183 1340 1399 1391 reportare

286 1418 440 1468 potest.
462 1414 530 1445 ’-
561 1411 727 1455 Scilicet
764 1413 867 1455 haec
897 1411 1066 1454 Corona»
1091 1409 1398 1454 exercitationi-

287 1487 367 1531 bus
402 1488 594 1532 virtutum
635 1496 696 1533 est
737 1488 981 1547 proposita,
1043 1502 1168 1543 quam
1214 1485 1396 1543 accipit,

278 1565 357 1621 ‘qui
398 1566 554 1609 excellit
596 1566 844 1616 honestate,
883 1565 1166 1615 humanitate,
1212 1564 1395 1622 pietate,

283 1642 509 1694 modestia,
540 1651 650 1687 recte
673 1643 817 1696 factis3
849 1666 898 1674 ι-
916 1641 1107 1692 Corona,
1139 1640 1181 1682 in
1203 1655 1284 1696 qua
1312 1653 1394 1697 po—

252 1718 363 1760 ‘sita
405 1725 464 1761 est
507 1719 640 1761 omnis
678 1734 772 1762 vera
812 1718 940 1774 gloria
967 1749 978 1767 ‚
1025 1716 1158 1759 omnis
1215 1715 1392 1759 hominis

284 1793 486 1850 dignitas,
540 1809 646 1850 quae
695 1801 912 1851 permanet
960 1799 1059 1851 post
1097 1798 1296 1842 mortem,
1336 1814 1392 1824 -

280 1870 447 1913 Corona
469 1902 480 1922 ‚
497 1885 577 1926 qua
594 1884 715 1913 nemo
733 1870 820 1913 sine
846 1885 919 1912 sua
947 1870 1067 1926 culpa
1095 1875 1208 1911 caret
1236 1900 1247 1920 ‚
1266 1882 1390 1923 quam

279 1946 312 1988 si
337 1946 559 1989 meruimus
574 1979 586 1999 ,
605 1961 728 1989 nemo
753 1946 874 1989 nobis
891 1961 1040 2002 negare
1058 1978 1069 1995 ,
1101 1959 1223 1987 nemo
1246 1945 1387 2002 eripe-

278 2036 322 2064 re
356 2028 507 2079 potest.
539 2045 590 2053 —-
620 2022 733 2065 Haec
759 2030 819 2065 est
846 2021 1098 2065 conscientia
1134 2022 1238 2064 bene
1271 2028 1387 2065 actae

275 2096 381 2141 vitae
400 2129 412 2151 ‚
444 2099 747 2155 multorumque
775 2099 1087 2143 benefactorum
1129 2097 1381 2140 recordatio.

329 2174 451 2217 flisce
481 2175 641 2218 virtutis
666 2175 1029 2218 exercitationibus
1053 2188 1128 2216 nos
1160 2174 1381 2217 Professo-

271 2265 338 2294 res
358 2283 368 2302 ‚
400 2251 486 2295 Vos
503 2252 702 2303 studiosi,
719 2252 892 2310 gloriam
915 2258 1083 2294 nostrae
1108 2250 1354 2295 Academiae
1369 2283 1380 2301 ‚

268 2343 373 2385 quae
413 2343 521 2371 nnnc
567 2329 728 2372 tertium
769 2329 950 2372 seculum
992 2335 1051 2370 est
1095 2327 1279 2383 ingressa
1297 2359 1306 2377 ‚
1353 2342 1376 2368 a
