1492 2896
403 295 786 356 onarto
1084 299 1142 354 Μ

46 453 191 492 cantus
210 446 522 493 delectabantur
543 463 688 505 aures3
720 448 896 507 denique
923 449 1139 508 pulchrum

43 522 144 568 illud
191 525 471 584 spectaculum
507 524 642 570 noctis
656 557 670 579 ‚
722 524 793 569 ubi
826 524 1029 570 innumeri
1075 525 1144 582 ig-

45 599 169 645 niculi
202 601 357 646 claram
395 601 504 647 diem
533 601 644 647 Urbi
685 600 859 646 reddere
882 600 1141 646 videbantun

101 675 188 721 Sed
219 677 360 723 inutile
400 692 490 723 esse
519 677 705 729 videtur,
733 676 778 721 in
817 676 931 721 hisce
970 677 1140 733 'aliisque

44 753 266 798 narrandis
293 753 444 798 diutius
468 752 646 808 versari,
675 751 872 811 quoniam
895 752 1018 810 hujus
1035 752 1144 797 Fes-

45 828 79 873 ti
110 829 334 890 descriptio
362 830 487 890 plana
523 837 563 877 et
593 830 764 877 uberior
790 828 907 875 brevi
937 829 981 873 in
1008 829 1141 874 lucem

48 905 250 963 prodibit.
370 892 373 894 ’
580 906 583 907 ’

101 981 283 1027 Maxima
307 989 440 1027 autem
466 981 628 1026 afficior
659 982 893 1040 voluptate,
926 979 1065 1038 quod,
1088 971 1142 1024 ad

41 1070 168 1101 unum
195 1057 547 1102 consentientibus
575 1058 789 1109 omnibus,
814 1058 952 1116 palam
983 1056 1144 1115 possim

44 1133 259 1193 profiteri,
312 1133 433 1191 hujus
466 1133 581 1178 Festi
612 1133 786 1192 gloriam
817 1132 1009 1192 inprimis
1040 1145 1147 1175 auc-a

46 1217 130 1254 tam
163 1210 289 1255 fuisse
323 1210 538 1263 laudibus,
581 1224 687 1267 quas
725 1210 768 1253 in
795 1209 866 1252 illo
897 1207 1148 1254 celebrando

44 1287 246 1332 Juventus
277 1294 421 1332 nostra
453 1286 707 1332 Academica
743 1285 891 1330 merito
921 1282 1000 1328 sibi
1028 1297 1151 1328 com-·

47 1363 237 1423 paravit,
267 1371 352 1408 tum
387 1363 562 1417 ardore,
587 1363 825 1408 assiduitate
856 1369 895 1407 et
922 1360 1150 1411 industria3

13 1495 18 1500 .
48 1454 175 1498 quam
201 1440 246 1484 in
273 1440 541 1486 moderandis
569 1440 694 1485 rebus
719 1438 930 1491 adhibuit,
958 1444 1046 1481 tum
1068 1436 1152 1480 hus

50 1516 272 1570 manitate,
302 1532 384 1574 qua
412 1532 457 1561 se
479 1515 797 1561 commendavit.
831 1540 888 1552 --
919 1513 1032 1558 Haec
1057 1516 1154 1559 sunt

51 1607 101 1640 ex
128 1592 202 1646 iis,
234 1607 340 1650 quae
368 1606 507 1639 veram
536 1592 786 1639 Academiae
821 1591 993 1650 gloriam
1017 1588 1154 1634 maxi-z

51 1684 118 1714 me
147 1676 310 1728 augent.
343 1693 400 1704 -·—

109 1747 238 1791 Vobis
276 1754 409 1791 autem
437 1745 659 1805 praecipue
698 1745 785 1788 Viri
820 1741 1076 1802 Amplissimi
1115 1740 1155 1793 et

54 1822 325 1875 Gravissimi,
351 1822 602 1867 Academiae
627 1821 870 1865 Curatores!
900 1817 1022 1874 etqui
1050 1830 1155 1859 nos-2·-

55 1902 144 1942 trae
165 1897 342 1955 Regioni
364 1905 489 1955 atque
504 1896 617 1941 Urbi
640 1895 865 1955 praeestis,
894 1904 1055 1951 summa
1072 1901 1154 1950 pro

55 1972 252 2031 singulari
281 1987 377 2032 erga
408 1972 673 2018 Academiam
713 1971 851 2016 studio
880 1969 1011 2027 gratia
1041 1968 1156 2013 refe*

55 2049 185 2098 reuda
208 2052 281 2094 es't.
300 2074 352 2084 -
376 2049 569 2094 Pluribus
594 2048 701 2093 enim
728 2047 901 2105 egregiis
923 2042 1157 2089 documen-³>
1198 2048 1201 2050 ’

59 2125 139 2179 lis,
180 2126 289 2171 inter
318 2141 425 2184 quae
458 2125 615 2170 nummi
641 2125 683 2168 in
716 2123 1004 2183 sempiternam
1042 2121 1155 2165 Festi

26 2224 38 2232 ⁵
63 2202 300 2247 memoriam
321 2235 333 2256 ‚
356 2210 490 2247 vestra
508 2235 519 2253 ,
533 2202 620 2246 Viri
634 2200 906 2261 Amplissimi!
938 2214 1036 2244 curn
1050 2211 1157 2245 con-1

66 2277 158 2322 fecti
170 2311 181 2332 ‚
193 2280 395 2324 referendi
422 2286 516 2323 sunt
528 2310 539 2331 ‚
557 2287 699 2338 aperte
720 2277 978 2335 significastis
990 2308 1001 2322 „
1018 2290 1156 2332 quan-⁴

65 2359 148 2403 inm
173 2363 313 2404 nostra
332 2354 554 2403 Academia
581 2353 698 2398 vobis
723 2368 845 2397 curae
872 2351 1071 2408 cordique
1087 2351 1152 2395 sit.

893 2428 919 2485 lt
