1492 2896
288 249 336 285 44
692 237 1010 288 DISQUISITIO

289 345 477 389 scribere,
504 357 597 393 quae
621 346 666 383 ad
692 358 833 385 morum
863 347 1091 386 sanctitatem
1122 347 1294 397 vitaeque
1331 357 1403 388 tam

289 416 460 464 publicae
494 427 602 464 quam
636 416 799 463 privatae
825 417 1055 454 honestatem
1092 419 1274 465 pertinere
1304 419 1406 457 vide·

291 486 447 534 bantur3
473 486 572 523 unde
606 485 647 523 fit
678 496 718 523 ut
749 487 944 534 Lycurgi,
975 487 1149 534 Zaleuci,
1185 490 1405 527 Charondae

290 556 524 603 aliorumque
552 557 652 604 leges
678 567 840 604 magnam
868 567 1006 604 partem
1022 553 1403 607 praecepta'moralia‚

289 625 413 664 minus
444 637 534 663 vero
567 627 664 675 leges
699 626 960 669 existimandae
983 627 1058 664 sint
1087 629 1169 677 (1).
1222 630 1406 668 Contine-

288 694 378 733 bant
410 696 501 733 adeo
537 695 745 742 antiquitus
781 697 879 745 leges
922 697 1178 746 quaecunque'
1199 708 1235 737 et
1271 699 1406 739 sibiet

289 766 372 804 Deo
400 766 558 814 aliisque
584 767 697 804 homo
726 767 860 804 debere
889 767 1011 815 putari
1045 776 1198 816 potest,
1226 769 1407 819 exprime-

289 836 455 883 bantque
481 836 531 874 ita
555 838 663 885 plane
687 845 836 875 naturae
867 839 1007 885 legem,
1041 850 1154 886 quum
1180 840 1311 878 morali
1339 851 1407 878 sua

287 913 417 943 natura
439 906 620 955 justitiam
638 935 650 953 ,
678 907 850 954 pietatem
886 907 925 945 in
960 910 1079 947 Deum
1098 937 1112 956 ‚
1139 909 1256 948 verbo
1285 910 1406 948 virtu·

286 983 360 1012 tem
396 976 702 1024 honestatemque
740 979 996 1016 commendare
1023 988 1058 1016 et
1087 988 1240 1027 paterno
1267 978 1404 1018 affectu

288 1045 441 1083 suadere
466 1047 627 1084 solerent
650 1046 732 1094 (2).
789 1048 925 1087 Eadem
954 1048 1046 1085 ratio
1069 1047 1143 1086 fuit
1168 1050 1288 1096 legum
1314 1050 1406 1088 Mo-

288 1117 492 1161 saltarum,
522 1127 613 1163 quas
642 1128 806 1154 verarum
837 1118 959 1165 legum
982 1120 1112 1162 τύπους
1139 1118 1272 1155 merito
1297 1129 1405 1156 voca-

289 1183 401 1221 veris.
454 1184 619 1223 Omnino
660 1185 754 1222 enirn
792 1185 921 1223 morali
955 1187 1076 1232 gentis
1105 1198 1193 1223 suae
1218 1196 1404 1234 praestan-

287 1253 360 1291 tiae
385 1254 635 1293 Hebraeorum
664 1254 723 1291 ille
751 1255 941 1302 legislator
965 1255 1092 1292 divino
1117 1256 1282 1304 impulsu
1313 1267 1403 1294 con-

289 1324 407 1361 suluit
441 1324 675 1372 fundumque
715 1325 835 1372 legum
875 1337 1024 1363 suarum
1055 1325 1229 1363 virtutem
1252 1325 1342 1364 fecit
1367 1337 1404 1364 et

290 1394 425 1434 summi
453 1394 633 1432 Numinis
662 1395 899 1432 reverentiam
924 1396 1008 1444 (3).

342 1464 536 1513 EJusmodi
569 1476 683 1511 quum
717 1473 815 1502 esset
845 1465 881 1502 in
915 1466 1078 1514 antiquis
1107 1466 1320 1506 civitatibus
1352 1469 1403 1506 le-

289 1545 374 1581 gum
412 1543 566 1579 natura,
606 1535 746 1582 optime
783 1535 1004 1583 intelligitur
1038 1538 1229 1584 quomodo
1264 1537 1402 1577 factum

287 1604 363 1650 sit,
399 1612 440 1641 ut
473 1612 613 1641 tantum
650 1605 844 1651 posuerint
870 1614 992 1642 curam
1023 1606 1058 1643 in
1088 1618 1285 1654 puerorum
1314 1606 1404 1646 edu-

1343 1691 1404 1717 ca·

330 1748 378 1788 (ι)
404 1748 455 1777 De
486 1748 617 1779 Zaleuci
654 1759 688 1779 ac
723 1749 913 1781 Charondae
950 1751 1074 1792 legibus
1110 1763 1197 1783 cons.
1230 1754 1399 1794 Heyuius,

290 1800 333 1832 V·
347 1800 423 1838 CL,
449 1803 568 1842 Opus-c.
593 1801 672 1832 Vol,
697 1803 745 1834 Η.

333 1854 380 1895 (2)
407 1855 532 1885 Iccirco
565 1855 762 1896 Pythagoras
789 1867 805 1885 a
835 1858 1021 1898 Xenophilo
1049 1860 1285 1900 interrogatus,
1315 1871 1403 1901 quo—

287 1911 384 1940 modo
405 1911 525 1950 optime
548 1912 651 1942 filium
674 1923 765 1944 suum
786 1915 990 1954 institueret,
1013 1918 1196 1956 respondit:
1236 1944 1257 1957 ‚,
1274 1917 1314 1954 Εἰ
1336 1918 1402 1952 πό-

288 1972 374 2007 λεως
402 1967 646 2011 εὐνομουμένης
670 1971 815 2013 γενηθείη
827 1968 864 2010 ,”
897 1983 947 2012 ap.
965 1973 1062 2013 Diog-
1076 1974 1190 2007 Laeli-t.
1206 1975 1283 2006 Lib.
1299 1974 1400 2008 vlu.

288 2033 318 2052 c·
340 2022 388 2053 16.

330 2077 377 2117 (3)
403 2076 518 2117 Neque
539 2076 634 2106 aliter
656 2087 723 2106 rem
749 2078 898 2108 tractavit
920 2078 1032 2116 Plato,
1056 2080 1094 2109 cle
1119 2081 1221 2120 Legg.
1242 2079 1319 2111 Lib.
1335 2079 1399 2111 IV.

286 2139 320 2168 p.
342 2130 414 2171 715.
437 2130 476 2160 E.
500 2146 536 2153 -
557 2140 629 2170 7¹7·
655 2130 713 2168 B.,
741 2131 798 2170 qui
825 2143 924 2171 quum
945 2133 1090 2163 universe
1110 2134 1263 2163 virtutem
1283 2134 1402 2165 civium

287 2184 423 2217 maxim-e
453 2194 469 2213 a
496 2183 680 2222 legislatore
709 2185 912 2222 spectandam
934 2196 1002 2216 esse
1028 2191 1193 2223 censeret,
1223 2187 1318 2217 etium
1344 2198 1405 2217 re-

289 2237 419 2277 ligionis
448 2247 575 2268 sensum
606 2237 703 2277 inque
730 2238 817 2267 Deos
849 2240 1002 2277 pietatem
1028 2250 1138 2269 eorum
1166 2241 1277 2270 animis
1299 2241 1400 2272 inesse

286 2290 402 2321 voluit.
447 2290 612 2320 Praeclara
637 2291 714 2320 item
741 2291 780 2320 de
809 2291 954 2321 Deorum
980 2293 1012 2321 in
1037 2293 1167 2322 civitate
1193 2294 1281 2324 cultu
1301 2305 1401 2333 prae-r

287 2348 379 2384 cepta
394 2343 526 2374 tradidit
542 2343 656 2374 Cicero
670 2365 679 2382 ,
698 2344 731 2373 in
745 2343 835 2374 libris
849 2346 886 2375 de
897 2345 1039 2386 Legibus
1050 2367 1058 2383 ‚
1077 2345 1150 2378 Lib.
1165 2346 1211 2377 11.
1223 2358 1253 2378 c.
1266 2358 1397 2389 10.sqq.
