<?xml version="1.0" encoding="UTF-8"?>
<!DOCTYPE html PUBLIC "-//W3C//DTD XHTML 1.0 Transitional//EN"
    "http://www.w3.org/TR/xhtml1/DTD/xhtml1-transitional.dtd">
<html xmlns="http://www.w3.org/1999/xhtml" xml:lang="en" lang="en">
 <head>
  <title>
</title>
<meta http-equiv="Content-Type" content="text/html;charset=utf-8" />
  <meta name='ocr-system' content='tesseract 3.04.00' />
  <meta name='ocr-capabilities' content='ocr_page ocr_carea ocr_par ocr_line ocrx_word'/>
</head>
<body>
  <div class='ocr_page' id='page_1' title='image "annalesacademiae36acad_0279.png"; bbox 0 0 1492 2896; ppageno 0'>
   <div class='ocr_carea' id='block_1_1' title="bbox 411 254 1169 306">
    <p class='ocr_par' dir='ltr' id='par_1_1' title="bbox 411 254 1169 306">
     <span class='ocr_line' id='line_1_1' title="bbox 411 254 1169 306; baseline -0.012 -1"><span class='ocrx_word' id='word_1_1' title='bbox 411 262 449 306; x_wconf 90' lang='grc' dir='ltr'><strong>Ο</strong></span> <span class='ocrx_word' id='word_1_2' title='bbox 481 261 519 304; x_wconf 68' lang='lat' dir='ltr'><strong>ll</strong></span> <span class='ocrx_word' id='word_1_3' title='bbox 553 260 588 303; x_wconf 81' lang='lat' dir='ltr'>A</span> <span class='ocrx_word' id='word_1_4' title='bbox 621 259 658 302; x_wconf 85' lang='lat' dir='ltr'>T</span> <span class='ocrx_word' id='word_1_5' title='bbox 689 259 707 302; x_wconf 91' lang='lat' dir='ltr'>l</span> <span class='ocrx_word' id='word_1_6' title='bbox 739 257 808 301; x_wconf 85' lang='lat'><strong>0.-</strong></span> <span class='ocrx_word' id='word_1_7' title='bbox 1108 254 1169 297; x_wconf 59' lang='grc'><strong>45-</strong></span> 
     </span>
    </p>
   </div>
   <div class='ocr_carea' id='block_1_2' title="bbox 57 397 1191 2385">
    <p class='ocr_par' dir='ltr' id='par_1_2' title="bbox 57 397 1191 1534">
     <span class='ocr_line' id='line_1_2' title="bbox 64 397 1168 461; baseline -0.014 -7"><span class='ocrx_word' id='word_1_8' title='bbox 64 406 329 461; x_wconf 72' lang='lat' dir='ltr'><strong>Providentia</strong></span> <span class='ocrx_word' id='word_1_9' title='bbox 379 404 548 453; x_wconf 80' lang='lat' dir='ltr'><strong>divina,</strong></span> <span class='ocrx_word' id='word_1_10' title='bbox 609 401 752 445; x_wconf 86' lang='lat' dir='ltr'><strong>eadem</strong></span> <span class='ocrx_word' id='word_1_11' title='bbox 806 397 879 442; x_wconf 76' lang='lat' dir='ltr'><strong>tibi</strong></span> <span class='ocrx_word' id='word_1_12' title='bbox 925 412 999 457; x_wconf 87' lang='lat' dir='ltr'><strong>per</strong></span> <span class='ocrx_word' id='word_1_13' title='bbox 1046 412 1168 440; x_wconf 85' lang='lat' dir='ltr'><strong>omne</strong></span> 
     </span>
     <span class='ocr_line' id='line_1_3' title="bbox 60 474 1169 545; baseline -0.014 -14"><span class='ocrx_word' id='word_1_14' title='bbox 60 483 288 545; x_wconf 81' lang='lat' dir='ltr'><strong>gravissimi</strong></span> <span class='ocrx_word' id='word_1_15' title='bbox 322 481 381 526; x_wconf 84' lang='lat' dir='ltr'><strong>tui</strong></span> <span class='ocrx_word' id='word_1_16' title='bbox 422 479 602 535; x_wconf 85' lang='lat' dir='ltr'><strong>muneris</strong></span> <span class='ocrx_word' id='word_1_17' title='bbox 644 485 804 534; x_wconf 86' lang='lat' dir='ltr'><strong>tempus</strong></span> <span class='ocrx_word' id='word_1_18' title='bbox 844 475 1068 532; x_wconf 80' lang='lat' dir='ltr'><strong>largiatur3</strong></span> <span class='ocrx_word' id='word_1_19' title='bbox 1099 474 1169 517; x_wconf 84' lang='lat' dir='ltr'><strong>in-</strong></span> 
     </span>
     <span class='ocr_line' id='line_1_4' title="bbox 64 549 1170 622; baseline -0.013 -16"><span class='ocrx_word' id='word_1_20' title='bbox 64 560 236 622; x_wconf 67' lang='lat' dir='ltr'><strong>pnimiS,</strong></span> <span class='ocrx_word' id='word_1_21' title='bbox 277 566 323 603; x_wconf 80' lang='lat' dir='ltr'><strong>ut</strong></span> <span class='ocrx_word' id='word_1_22' title='bbox 357 556 600 602; x_wconf 76' lang='lat' dir='ltr'><strong>valetudinis</strong></span> <span class='ocrx_word' id='word_1_23' title='bbox 639 552 986 614; x_wconf 70' lang='lat' dir='ltr'>prosperitatem,</span> <span class='ocrx_word' id='word_1_24' title='bbox 1018 549 1170 594; x_wconf 81' lang='lat' dir='ltr'><strong>animi-</strong></span> 
     </span>
     <span class='ocr_line' id='line_1_5' title="bbox 60 628 1169 699; baseline -0.012 -16"><span class='ocrx_word' id='word_1_25' title='bbox 60 652 142 699; x_wconf 84' lang='lat' dir='ltr'><strong>que</strong></span> <span class='ocrx_word' id='word_1_26' title='bbox 177 637 360 696; x_wconf 82' lang='lat' dir='ltr'><strong>vigorem</strong></span> <span class='ocrx_word' id='word_1_27' title='bbox 394 635 469 678; x_wconf 82' lang='lat' dir='ltr'><strong>tibi</strong></span> <span class='ocrx_word' id='word_1_28' title='bbox 512 638 744 678; x_wconf 64' lang='lat' dir='ltr'><strong>conservet.⁴</strong></span> <span class='ocrx_word' id='word_1_29' title='bbox 788 651 845 662; x_wconf 81' lang='lat'><strong>—·</strong></span> <span class='ocrx_word' id='word_1_30' title='bbox 896 629 1011 676; x_wconf 82' lang='lat' dir='ltr'><strong>Haec</strong></span> <span class='ocrx_word' id='word_1_31' title='bbox 1052 628 1169 671; x_wconf 86' lang='lat' dir='ltr'><strong>enixe</strong></span> 
     </span>
     <span class='ocr_line' id='line_1_6' title="bbox 57 705 1170 774; baseline -0.012 -14"><span class='ocrx_word' id='word_1_32' title='bbox 57 715 135 767; x_wconf 71' lang='lat' dir='ltr'><strong>tihi</strong></span> <span class='ocrx_word' id='word_1_33' title='bbox 159 728 409 774; x_wconf 81' lang='lat' dir='ltr'><strong>precamur3</strong></span> <span class='ocrx_word' id='word_1_34' title='bbox 439 709 672 760; x_wconf 72' lang='lat' dir='ltr'><strong>institutio,</strong></span> <span class='ocrx_word' id='word_1_35' title='bbox 702 714 826 764; x_wconf 76' lang='lat' dir='ltr'><strong>atque</strong></span> <span class='ocrx_word' id='word_1_36' title='bbox 859 705 1050 750; x_wconf 84' lang='lat' dir='ltr'><strong>doctrina</strong></span> <span class='ocrx_word' id='word_1_37' title='bbox 1076 712 1170 758; x_wconf 84' lang='lat' dir='ltr'><strong>tua,</strong></span> 
     </span>
     <span class='ocr_line' id='line_1_7' title="bbox 60 780 1170 850; baseline -0.014 -12"><span class='ocrx_word' id='word_1_38' title='bbox 60 792 175 850; x_wconf 89' lang='lat' dir='ltr'><strong>quod</strong></span> <span class='ocrx_word' id='word_1_39' title='bbox 205 792 298 850; x_wconf 85' lang='lat' dir='ltr'><strong>ipse</strong></span> <span class='ocrx_word' id='word_1_40' title='bbox 333 790 377 833; x_wconf 90' lang='lat' dir='ltr'><strong>in</strong></span> <span class='ocrx_word' id='word_1_41' title='bbox 412 797 480 833; x_wconf 81' lang='lat' dir='ltr'><strong>tua</strong></span> <span class='ocrx_word' id='word_1_42' title='bbox 520 786 724 832; x_wconf 84' lang='lat' dir='ltr'>Oratione</span> <span class='ocrx_word' id='word_1_43' title='bbox 767 783 945 843; x_wconf 84' lang='lat' dir='ltr'><strong>optasti,</strong></span> <span class='ocrx_word' id='word_1_44' title='bbox 992 780 1170 825; x_wconf 83' lang='lat' dir='ltr'><strong>maxime</strong></span> 
     </span>
     <span class='ocr_line' id='line_1_8' title="bbox 60 857 1171 921; baseline -0.014 -6"><span class='ocrx_word' id='word_1_45' title='bbox 60 870 192 921; x_wconf 66' lang='lat' dir='ltr'><strong>valeat</strong></span> <span class='ocrx_word' id='word_1_46' title='bbox 226 868 281 912; x_wconf 90' lang='lat' dir='ltr'><strong>ad</strong></span> <span class='ocrx_word' id='word_1_47' title='bbox 328 882 420 911; x_wconf 90' lang='lat' dir='ltr'><strong>eum</strong></span> <span class='ocrx_word' id='word_1_48' title='bbox 468 879 630 909; x_wconf 89' lang='lat' dir='ltr'><strong>sensum</strong></span> <span class='ocrx_word' id='word_1_49' title='bbox 680 861 892 920; x_wconf 82' lang='lat' dir='ltr'>religionis</span> <span class='ocrx_word' id='word_1_50' title='bbox 934 859 978 903; x_wconf 93' lang='lat' dir='ltr'><strong>in</strong></span> <span class='ocrx_word' id='word_1_51' title='bbox 1024 857 1171 902; x_wconf 87' lang='lat' dir='ltr'><strong>animis</strong></span> 
     </span>
     <span class='ocr_line' id='line_1_9' title="bbox 61 936 1172 1003; baseline -0.012 -12"><span class='ocrx_word' id='word_1_52' title='bbox 61 955 224 994; x_wconf 84' lang='lat' dir='ltr'><strong>tuorum</strong></span> <span class='ocrx_word' id='word_1_53' title='bbox 259 944 572 1003; x_wconf 87' lang='lat' dir='ltr'><strong>Discipulorum</strong></span> <span class='ocrx_word' id='word_1_54' title='bbox 615 937 880 985; x_wconf 83' lang='lat' dir='ltr'><strong>excitandum</strong></span> <span class='ocrx_word' id='word_1_55' title='bbox 916 944 956 980; x_wconf 85' lang='lat' dir='ltr'><strong>et</strong></span> <span class='ocrx_word' id='word_1_56' title='bbox 993 936 1172 980; x_wconf 76' lang='lat' dir='ltr'><strong>firman-</strong></span> 
     </span>
     <span class='ocr_line' id='line_1_10' title="bbox 62 1011 1186 1078; baseline -0.01 -11"><span class='ocrx_word' id='word_1_57' title='bbox 62 1024 187 1075; x_wconf 89' lang='lat' dir='ltr'><strong>dum,</strong></span> <span class='ocrx_word' id='word_1_58' title='bbox 219 1036 302 1078; x_wconf 88' lang='lat' dir='ltr'><strong>quo</strong></span> <span class='ocrx_word' id='word_1_59' title='bbox 341 1020 414 1064; x_wconf 90' lang='lat' dir='ltr'><strong>fidi</strong></span> <span class='ocrx_word' id='word_1_60' title='bbox 448 1018 604 1062; x_wconf 81' lang='lat' dir='ltr'><strong>Christi</strong></span> <span class='ocrx_word' id='word_1_61' title='bbox 639 1024 679 1062; x_wconf 85' lang='lat' dir='ltr'><strong>et</strong></span> <span class='ocrx_word' id='word_1_62' title='bbox 710 1014 922 1059; x_wconf 82' lang='lat' dir='ltr'><strong>Ecclesiae</strong></span> <span class='ocrx_word' id='word_1_63' title='bbox 962 1011 1186 1070; x_wconf 57' lang='lat' dir='ltr'><strong>Christia-¹</strong></span> 
     </span>
     <span class='ocr_line' id='line_1_11' title="bbox 61 1088 1169 1152; baseline -0.012 -8"><span class='ocrx_word' id='word_1_64' title='bbox 61 1114 138 1150; x_wconf 77' lang='lat' dir='ltr'><strong>nae</strong></span> <span class='ocrx_word' id='word_1_65' title='bbox 173 1098 350 1149; x_wconf 77' lang='lat' dir='ltr'><strong>evadant</strong></span> <span class='ocrx_word' id='word_1_66' title='bbox 384 1095 589 1147; x_wconf 85' lang='lat' dir='ltr'><strong>Ministri,</strong></span> <span class='ocrx_word' id='word_1_67' title='bbox 646 1108 723 1152; x_wconf 89' lang='lat' dir='ltr'><strong>per</strong></span> <span class='ocrx_word' id='word_1_68' title='bbox 765 1106 872 1150; x_wconf 90' lang='lat' dir='ltr'><strong>quos</strong></span> <span class='ocrx_word' id='word_1_69' title='bbox 921 1089 1088 1150; x_wconf 85' lang='lat' dir='ltr'>plurimi</span> <span class='ocrx_word' id='word_1_70' title='bbox 1125 1088 1169 1131; x_wconf 87' lang='lat' dir='ltr'><strong>in</strong></span> 
     </span>
     <span class='ocr_line' id='line_1_12' title="bbox 60 1167 1171 1222; baseline -0.011 -1"><span class='ocrx_word' id='word_1_71' title='bbox 60 1191 199 1221; x_wconf 88' lang='lat' dir='ltr'><strong>veram</strong></span> <span class='ocrx_word' id='word_1_72' title='bbox 235 1175 288 1219; x_wconf 85' lang='lat' dir='ltr'><strong>ad</strong></span> <span class='ocrx_word' id='word_1_73' title='bbox 317 1173 491 1217; x_wconf 81' lang='lat' dir='ltr'><strong>salutem</strong></span> <span class='ocrx_word' id='word_1_74' title='bbox 528 1172 635 1215; x_wconf 87' lang='lat' dir='ltr'><strong>viam</strong></span> <span class='ocrx_word' id='word_1_75' title='bbox 681 1169 915 1220; x_wconf 82' lang='lat' dir='ltr'>ducantur,</span> <span class='ocrx_word' id='word_1_76' title='bbox 959 1167 1002 1210; x_wconf 90' lang='lat' dir='ltr'><strong>in</strong></span> <span class='ocrx_word' id='word_1_77' title='bbox 1040 1181 1171 1222; x_wconf 85' lang='lat' dir='ltr'><strong>eaque</strong></span> 
     </span>
     <span class='ocr_line' id='line_1_13' title="bbox 62 1244 1169 1301; baseline -0.011 -4"><span class='ocrx_word' id='word_1_78' title='bbox 62 1259 288 1301; x_wconf 80' lang='lat' dir='ltr'><strong>teneantur.</strong></span> <span class='ocrx_word' id='word_1_79' title='bbox 337 1251 400 1294; x_wconf 83' lang='lat' dir='ltr'><strong>Ita</strong></span> <span class='ocrx_word' id='word_1_80' title='bbox 428 1249 550 1293; x_wconf 81' lang='lat' dir='ltr'><strong>etiam</strong></span> <span class='ocrx_word' id='word_1_81' title='bbox 571 1248 651 1291; x_wconf 85' lang='lat' dir='ltr'><strong>hac</strong></span> <span class='ocrx_word' id='word_1_82' title='bbox 673 1254 744 1292; x_wconf 82' lang='lat' dir='ltr'><strong>tua</strong></span> <span class='ocrx_word' id='word_1_83' title='bbox 764 1244 1021 1290; x_wconf 80' lang='lat' dir='ltr'><strong>institutione</strong></span> <span class='ocrx_word' id='word_1_84' title='bbox 1054 1244 1169 1286; x_wconf 81' lang='lat' dir='ltr'><strong>frue-</strong></span> 
     </span>
     <span class='ocr_line' id='line_1_14' title="bbox 61 1321 1191 1381; baseline -0.007 -7"><span class='ocrx_word' id='word_1_85' title='bbox 61 1337 127 1381; x_wconf 75' lang='lat' dir='ltr'><strong>tus</strong></span> <span class='ocrx_word' id='word_1_86' title='bbox 161 1327 395 1373; x_wconf 86' lang='lat' dir='ltr'><strong>uberrimos</strong></span> <span class='ocrx_word' id='word_1_87' title='bbox 434 1334 474 1370; x_wconf 76' lang='lat' dir='ltr'><strong>et</strong></span> <span class='ocrx_word' id='word_1_88' title='bbox 505 1325 680 1369; x_wconf 75' lang='lat' dir='ltr'><strong>maxime</strong></span> <span class='ocrx_word' id='word_1_89' title='bbox 723 1324 924 1368; x_wconf 79' lang='lat' dir='ltr'><strong>salutares</strong></span> <span class='ocrx_word' id='word_1_90' title='bbox 960 1321 1191 1366; x_wconf 78' lang='lat' dir='ltr'><strong>exhibebit.</strong></span> 
     </span>
     <span class='ocr_line' id='line_1_15' title="bbox 63 1400 1170 1459; baseline -0.008 -9"><span class='ocrx_word' id='word_1_91' title='bbox 63 1405 287 1455; x_wconf 77' lang='lat' dir='ltr'><strong>Academia</strong></span> <span class='ocrx_word' id='word_1_92' title='bbox 332 1411 501 1456; x_wconf 86' lang='lat' dir='ltr'><strong>nostra,</strong></span> <span class='ocrx_word' id='word_1_93' title='bbox 558 1417 759 1459; x_wconf 87' lang='lat' dir='ltr'><strong>suamque</strong></span> <span class='ocrx_word' id='word_1_94' title='bbox 803 1400 1044 1458; x_wconf 77' lang='lat' dir='ltr'><strong>dignitatem</strong></span> <span class='ocrx_word' id='word_1_95' title='bbox 1078 1413 1170 1443; x_wconf 83' lang='lat' dir='ltr'><strong>vere</strong></span> 
     </span>
     <span class='ocr_line' id='line_1_16' title="bbox 62 1483 256 1534; baseline -0.036 -1"><span class='ocrx_word' id='word_1_96' title='bbox 62 1483 256 1534; x_wconf 73' lang='lat' dir='ltr'><strong>tuebitur.</strong></span> 
     </span>
    </p>

    <p class='ocr_par' dir='ltr' id='par_1_3' title="bbox 60 1553 1173 2385">
     <span class='ocr_line' id='line_1_17' title="bbox 125 1553 1171 1613; baseline -0.007 -10"><span class='ocrx_word' id='word_1_97' title='bbox 125 1559 174 1603; x_wconf 88' lang='lat' dir='ltr'><strong>In</strong></span> <span class='ocrx_word' id='word_1_98' title='bbox 204 1556 450 1603; x_wconf 82' lang='lat' dir='ltr'><strong>enarrandis</strong></span> <span class='ocrx_word' id='word_1_99' title='bbox 474 1557 551 1609; x_wconf 89' lang='lat' dir='ltr'><strong>iis,</strong></span> <span class='ocrx_word' id='word_1_100' title='bbox 584 1571 691 1613; x_wconf 83' lang='lat' dir='ltr'><strong>quae</strong></span> <span class='ocrx_word' id='word_1_101' title='bbox 720 1561 888 1599; x_wconf 84' lang='lat' dir='ltr'><strong>nostrae</strong></span> <span class='ocrx_word' id='word_1_102' title='bbox 919 1553 1171 1598; x_wconf 80' lang='lat' dir='ltr'><strong>Academiae</strong></span> 
     </span>
     <span class='ocr_line' id='line_1_18' title="bbox 60 1630 1172 1696; baseline -0.004 -15"><span class='ocrx_word' id='word_1_103' title='bbox 60 1651 265 1696; x_wconf 86' lang='lat' dir='ltr'><strong>prospera</strong></span> <span class='ocrx_word' id='word_1_104' title='bbox 295 1643 365 1680; x_wconf 82' lang='lat' dir='ltr'><strong>aut</strong></span> <span class='ocrx_word' id='word_1_105' title='bbox 399 1635 602 1686; x_wconf 87' lang='lat' dir='ltr'><strong>adversa,</strong></span> <span class='ocrx_word' id='word_1_106' title='bbox 642 1648 706 1677; x_wconf 85' lang='lat' dir='ltr'><strong>me</strong></span> <span class='ocrx_word' id='word_1_107' title='bbox 742 1633 952 1684; x_wconf 71' lang='lat' dir='ltr'><strong>Hectore,</strong></span> <span class='ocrx_word' id='word_1_108' title='bbox 1004 1630 1172 1676; x_wconf 84' lang='lat' dir='ltr'><strong>accide-</strong></span> 
     </span>
     <span class='ocr_line' id='line_1_19' title="bbox 62 1708 1171 1771; baseline -0.005 -14"><span class='ocrx_word' id='word_1_109' title='bbox 62 1721 183 1768; x_wconf 80' lang='lat' dir='ltr'><strong>runt,</strong></span> <span class='ocrx_word' id='word_1_110' title='bbox 228 1713 410 1770; x_wconf 87' lang='lat' dir='ltr'><strong>primum</strong></span> <span class='ocrx_word' id='word_1_111' title='bbox 444 1712 638 1771; x_wconf 86' lang='lat' dir='ltr'><strong>profecto</strong></span> <span class='ocrx_word' id='word_1_112' title='bbox 672 1710 808 1754; x_wconf 90' lang='lat' dir='ltr'><strong>locum</strong></span> <span class='ocrx_word' id='word_1_113' title='bbox 849 1716 1029 1768; x_wconf 81' lang='lat' dir='ltr'><strong>occupat</strong></span> <span class='ocrx_word' id='word_1_114' title='bbox 1064 1708 1171 1752; x_wconf 89' lang='lat' dir='ltr'><strong>Fes-</strong></span> 
     </span>
     <span class='ocr_line' id='line_1_20' title="bbox 62 1787 1170 1837; baseline -0.006 -3"><span class='ocrx_word' id='word_1_115' title='bbox 62 1798 148 1834; x_wconf 78' lang='lat' dir='ltr'><strong>tum</strong></span> <span class='ocrx_word' id='word_1_116' title='bbox 199 1797 367 1834; x_wconf 82' lang='lat' dir='ltr'><strong>nostrae</strong></span> <span class='ocrx_word' id='word_1_117' title='bbox 407 1787 658 1833; x_wconf 83' lang='lat' dir='ltr'><strong>Academiae</strong></span> <span class='ocrx_word' id='word_1_118' title='bbox 705 1787 914 1830; x_wconf 81' lang='lat' dir='ltr'><strong>saeculare</strong></span> <span class='ocrx_word' id='word_1_119' title='bbox 960 1787 1132 1829; x_wconf 84' lang='lat' dir='ltr'><strong>alterum</strong></span> <span class='ocrx_word' id='word_1_120' title='bbox 1159 1817 1170 1837; x_wconf 90' lang='lat'><strong><em>,</em></strong></span> 
     </span>
     <span class='ocr_line' id='line_1_21' title="bbox 63 1862 1168 1924; baseline -0.005 -13"><span class='ocrx_word' id='word_1_121' title='bbox 63 1867 180 1924; x_wconf 87' lang='lat' dir='ltr'><strong>quod</strong></span> <span class='ocrx_word' id='word_1_122' title='bbox 201 1866 428 1924; x_wconf 84' lang='lat' dir='ltr'><strong>praeterito</strong></span> <span class='ocrx_word' id='word_1_123' title='bbox 456 1879 566 1909; x_wconf 86' lang='lat' dir='ltr'><strong>anno</strong></span> <span class='ocrx_word' id='word_1_124' title='bbox 592 1863 803 1908; x_wconf 84' lang='lat' dir='ltr'><strong>celebrare</strong></span> <span class='ocrx_word' id='word_1_125' title='bbox 831 1863 954 1906; x_wconf 84' lang='lat' dir='ltr'><strong>nobis</strong></span> <span class='ocrx_word' id='word_1_126' title='bbox 982 1862 1168 1920; x_wconf 75' lang='lat' dir='ltr'><strong>contigit.</strong></span> 
     </span>
     <span class='ocr_line' id='line_1_22' title="bbox 64 1940 1172 1999; baseline -0.007 -10"><span class='ocrx_word' id='word_1_127' title='bbox 64 1944 169 1999; x_wconf 70' lang='lat' dir='ltr'><strong>Nam</strong></span> <span class='ocrx_word' id='word_1_128' title='bbox 199 1942 234 1987; x_wconf 86' lang='lat' dir='ltr'><strong>si</strong></span> <span class='ocrx_word' id='word_1_129' title='bbox 259 1942 426 1986; x_wconf 85' lang='lat' dir='ltr'><strong>occasio</strong></span> <span class='ocrx_word' id='word_1_130' title='bbox 459 1949 499 1985; x_wconf 83' lang='lat' dir='ltr'><strong>et</strong></span> <span class='ocrx_word' id='word_1_131' title='bbox 529 1940 734 1999; x_wconf 88' lang='lat' dir='ltr'><strong>temporis</strong></span> <span class='ocrx_word' id='word_1_132' title='bbox 769 1947 1024 1983; x_wconf 76' lang='lat' dir='ltr'><strong>momentum·</strong></span> <span class='ocrx_word' id='word_1_133' title='bbox 1065 1954 1172 1983; x_wconf 77' lang='lat' dir='ltr'><strong>con-</strong></span> 
     </span>
     <span class='ocr_line' id='line_1_23' title="bbox 63 2020 1173 2076; baseline -0.003 -12"><span class='ocrx_word' id='word_1_134' title='bbox 63 2020 296 2073; x_wconf 78' lang='lat' dir='ltr'><strong>sideratur,</strong></span> <span class='ocrx_word' id='word_1_135' title='bbox 329 2020 393 2063; x_wconf 89' lang='lat' dir='ltr'><strong>cui</strong></span> <span class='ocrx_word' id='word_1_136' title='bbox 426 2032 548 2063; x_wconf 89' lang='lat' dir='ltr'><strong>nemo</strong></span> <span class='ocrx_word' id='word_1_137' title='bbox 577 2024 766 2061; x_wconf 78' lang='lat' dir='ltr'><strong>nostrum</strong></span> <span class='ocrx_word' id='word_1_138' title='bbox 813 2024 933 2061; x_wconf 85' lang='lat' dir='ltr'><strong>antea</strong></span> <span class='ocrx_word' id='word_1_139' title='bbox 972 2032 1173 2076; x_wconf 86' lang='lat' dir='ltr'><strong>praesens</strong></span> 
     </span>
     <span class='ocr_line' id='line_1_24' title="bbox 65 2095 1171 2155; baseline -0.004 -13"><span class='ocrx_word' id='word_1_140' title='bbox 65 2099 226 2151; x_wconf 83' lang='lat' dir='ltr'><strong>fuerat,</strong></span> <span class='ocrx_word' id='word_1_141' title='bbox 266 2111 401 2154; x_wconf 85' lang='lat' dir='ltr'><strong>neque</strong></span> <span class='ocrx_word' id='word_1_142' title='bbox 434 2097 476 2140; x_wconf 87' lang='lat' dir='ltr'><strong>in</strong></span> <span class='ocrx_word' id='word_1_143' title='bbox 504 2103 718 2155; x_wconf 87' lang='lat' dir='ltr'><strong>posterum</strong></span> <span class='ocrx_word' id='word_1_144' title='bbox 756 2108 955 2153; x_wconf 86' lang='lat' dir='ltr'><strong>praesens</strong></span> <span class='ocrx_word' id='word_1_145' title='bbox 991 2095 1098 2151; x_wconf 83' lang='lat' dir='ltr'><strong>erit,</strong></span> <span class='ocrx_word' id='word_1_146' title='bbox 1128 2095 1171 2138; x_wconf 90' lang='lat' dir='ltr'><strong>id</strong></span> 
     </span>
     <span class='ocr_line' id='line_1_25' title="bbox 66 2170 1170 2232; baseline -0.004 -14"><span class='ocrx_word' id='word_1_147' title='bbox 66 2173 236 2218; x_wconf 88' lang='lat' dir='ltr'><strong>omnino</strong></span> <span class='ocrx_word' id='word_1_148' title='bbox 256 2172 547 2232; x_wconf 79' lang='lat' dir='ltr'><strong>gravissimum</strong></span> <span class='ocrx_word' id='word_1_149' title='bbox 575 2170 795 2215; x_wconf 85' lang='lat' dir='ltr'><strong>dicendum</strong></span> <span class='ocrx_word' id='word_1_150' title='bbox 826 2177 889 2214; x_wconf 80' lang='lat' dir='ltr'><strong>est</strong></span> <span class='ocrx_word' id='word_1_151' title='bbox 913 2170 1087 2226; x_wconf 83' lang='lat' dir='ltr'><strong>festum3</strong></span> <span class='ocrx_word' id='word_1_152' title='bbox 1121 2193 1170 2201; x_wconf 82' lang='lat'><strong>-—</strong></span> 
     </span>
     <span class='ocr_line' id='line_1_26' title="bbox 68 2248 1172 2307; baseline -0.005 -11"><span class='ocrx_word' id='word_1_153' title='bbox 68 2251 102 2296; x_wconf 81' lang='lat' dir='ltr'><strong>si</strong></span> <span class='ocrx_word' id='word_1_154' title='bbox 125 2250 352 2304; x_wconf 70' lang='lat' dir='ltr'><strong>rationem,</strong></span> <span class='ocrx_word' id='word_1_155' title='bbox 385 2265 468 2307; x_wconf 85' lang='lat' dir='ltr'><strong>qua</strong></span> <span class='ocrx_word' id='word_1_156' title='bbox 499 2248 751 2294; x_wconf 82' lang='lat' dir='ltr'><strong>celebratum</strong></span> <span class='ocrx_word' id='word_1_157' title='bbox 781 2255 866 2300; x_wconf 78' lang='lat' dir='ltr'><strong>est,</strong></span> <span class='ocrx_word' id='word_1_158' title='bbox 899 2255 983 2291; x_wconf 77' lang='lat' dir='ltr'><strong>tuni</strong></span> <span class='ocrx_word' id='word_1_159' title='bbox 1015 2248 1172 2292; x_wconf 67' lang='lat' dir='ltr'><strong>soiem-</strong></span> 
     </span>
     <span class='ocr_line' id='line_1_27' title="bbox 67 2325 1171 2385; baseline -0.001 -14"><span class='ocrx_word' id='word_1_160' title='bbox 67 2327 255 2383; x_wconf 75' lang='lat' dir='ltr'><strong>nitatem,</strong></span> <span class='ocrx_word' id='word_1_161' title='bbox 287 2327 552 2384; x_wconf 77' lang='lat' dir='ltr'><strong>dignitatem,</strong></span> <span class='ocrx_word' id='word_1_162' title='bbox 583 2325 855 2384; x_wconf 74' lang='lat' dir='ltr'><strong>gravitatem,</strong></span> <span class='ocrx_word' id='word_1_163' title='bbox 888 2332 1011 2384; x_wconf 82' lang='lat' dir='ltr'><strong>atque</strong></span> <span class='ocrx_word' id='word_1_164' title='bbox 1027 2326 1171 2385; x_wconf 82' lang='lat' dir='ltr'><strong>splen-</strong></span> 
     </span>
    </p>
   </div>
  </div>
 </body>
</html>
