1492 2896
562 243 600 286 O
638 243 669 285 R
704 244 740 285 A
773 242 810 286 'i‘
848 244 861 285 i
896 244 948 286 ὓ.
1256 245 1312 287 27

194 386 317 423 tatur.
423 378 550 435 Quod
594 395 698 421 vere
743 378 935 436 pulcrum
990 386 1072 431 est,
1117 385 1313 422 sectatur.

196 462 349 509 Tradit
378 462 507 521 igitur
535 461 766 520 Religionis
794 463 948 520 placita
974 463 1109 507 verbis
1136 465 1315 511 maxime

195 547 419 607 congruis,
449 547 767 591 accommodate
790 547 844 590 ad
863 547 1105 602 hominum,
1137 548 1317 607 quibus-

195 646 292 677 cum
329 632 405 676 illa
445 632 753 686 communicat,
800 632 965 690 ingenia
1013 642 1052 677 et
1102 634 1318 678 conditio-

193 731 315 772 nem,
344 717 588 777 perspicue,
622 707 841 772 accurate,
874 732 1008 775 eoque
1041 718 1241 772 consilio,
1270 726 1315 763 ut

191 804 287 848 illos
318 801 551 860 Religionis
594 800 737 845 amore
766 801 953 853 imbuat,
981 803 1146 846 illorum
1173 804 1314 847 scien-

191 887 296 932 tiam
324 894 472 945 augeat
505 893 546 931 et
582 887 790 945 corrigat,
838 898 993 944 eosque
1035 889 1226 933 emendet
1265 904 1314 934 ac

193 972 447 1016 consoletur.
537 970 688 1015 Tradit
735 970 804 1014 illa
842 983 997 1029 magno
1039 985 1133 1015 cum
1187 972 1317 1016 animi

193 1054 349 1099 ardore
381 1061 422 1098 et
448 1053 626 1098 diserte:
660 1069 758 1097 nam
787 1055 996 1111 loquitur,
1031 1055 1126 1112 quia
1159 1057 1313 1111 credit,

192 1146 234 1184 et
258 1145 408 1198 pectus
437 1145 524 1191 est,
556 1139 672 1195 quod
702 1139 902 1182 disertum
928 1139 1040 1184 facit.
1103 1139 1315 1200 Suspicite

191 1238 311 1278 eum,
342 1225 395 1270 A.
409 1224 487 1268 A.!
519 1223 605 1267 sive
639 1223 684 1266 in
723 1223 869 1267 schola
903 1223 1065 1268 futuros
1100 1224 1315 1270 Ecclesiae

190 1308 408 1354 ministros
438 1307 638 1362 instituit,
671 1308 758 1353 sive
798 1323 820 1352 e
855 1322 978 1352 sacro
1022 1317 1217 1367 suggestu
1258 1311 1314 1354 ad

189 1395 395 1454 populum
422 1392 706 1437 Christianum
744 1393 873 1438 verba
905 1393 1018 1439 facit.
1082 1395 1130 1438 In
1166 1396 1313 1440 schola

192 1477 406 1523 auditores
430 1490 516 1520 non
554 1484 716 1520 tantum
748 1477 995 1522 eruditiores
1028 1480 1207 1525 reddere
1235 1495 1314 1525 cu-

190 1563 255 1624 pit
276 1595 289 1617 ,
319 1562 394 1607 sed
434 1569 475 1606 et
517 1562 824 1606 emendatiores
847 1595 859 1615 ,
891 1577 990 1607 nam
1020 1565 1174 1624 flagrat
1209 1566 1313 1610 boni

193 1662 361 1701 amore,
422 1653 567 1703 estque
603 1646 662 1689 illi
698 1632 1084 1705 persuasissimum,
1146 1665 1312 1694 omnem

193 1732 494 1785 eruditionem,
550 1731 740 1788 quamvis
773 1748 992 1790 magnam,
1055 1734 1156 1777 nihil
1196 1737 1315 1780 vale-

185 1832 239 1866 re
274 1817 495 1876 Theologo
545 1817 635 1861 sine
686 1817 865 1876 pietate,
910 1818 1179 1876 animumque
1225 1835 1313 1865 non

191 1900 355 1954 minus,
387 1915 513 1957 quam
540 1900 750 1958 ingenium
777 1901 1031 1959 Academica
1054 1902 1314 1950 institutione

192 2001 282 2031 esse
319 1985 602 2029 formandum.
718 1984 1011 2030 Communicat
1048 1987 1177 2046 igitur
1218 2004 1310 2033 cum

191 2069 454 2116 auditoribus
497 2068 714 2114 doctrinae
757 2086 855 2115 suae
894 2072 1091 2131 copiam,
1141 2075 1215 2120 sed
1252 2077 1312 2120 ita

190 2155 496 2209 communicat,
531 2162 577 2198 ut
615 2154 659 2198 in
702 2154 754 2199 iis
788 2171 975 2201 amorem
1017 2158 1167 2204 excitet
1207 2177 1312 2204 cum

186 2242 231 2286 in
254 2240 435 2287 divinam
455 2246 645 2284 nostram
663 2239 961 2300 Religionem„
975 2225 1079 2287 tum·
1103 2244 1148 2289 in
1173 2245 1310 2292 Deum
