<?xml version="1.0" encoding="UTF-8"?>
<!DOCTYPE html PUBLIC "-//W3C//DTD XHTML 1.0 Transitional//EN"
    "http://www.w3.org/TR/xhtml1/DTD/xhtml1-transitional.dtd">
<html xmlns="http://www.w3.org/1999/xhtml" xml:lang="en" lang="en">
 <head>
  <title>
</title>
<meta http-equiv="Content-Type" content="text/html;charset=utf-8" />
  <meta name='ocr-system' content='tesseract 3.04.00' />
  <meta name='ocr-capabilities' content='ocr_page ocr_carea ocr_par ocr_line ocrx_word'/>
</head>
<body>
  <div class='ocr_page' id='page_1' title='image "annalesacademiae36acad_0257.png"; bbox 0 0 1492 2896; ppageno 0'>
   <div class='ocr_carea' id='block_1_1' title="bbox 463 256 1228 304">
    <p class='ocr_par' dir='ltr' id='par_1_1' title="bbox 463 256 1228 304">
     <span class='ocr_line' id='line_1_1' title="bbox 463 256 1228 304; baseline -0.004 0"><span class='ocrx_word' id='word_1_1' title='bbox 463 256 871 304; x_wconf 71' lang='lat' dir='ltr'><strong>ORATIO.</strong></span> <span class='ocrx_word' id='word_1_2' title='bbox 1039 268 1041 270; x_wconf 82' lang='grc'><strong><em>·</em></strong></span> <span class='ocrx_word' id='word_1_3' title='bbox 1156 262 1228 301; x_wconf 75' lang='lat'>..21</span> 
     </span>
    </p>
   </div>
   <div class='ocr_carea' id='block_1_2' title="bbox 94 397 1229 2385">
    <p class='ocr_par' dir='ltr' id='par_1_2' title="bbox 94 397 1229 2288">
     <span class='ocr_line' id='line_1_2' title="bbox 116 397 1229 460; baseline -0.001 -18"><span class='ocrx_word' id='word_1_4' title='bbox 116 412 196 460; x_wconf 85' lang='lat' dir='ltr'>que</span> <span class='ocrx_word' id='word_1_5' title='bbox 225 399 467 442; x_wconf 89' lang='lat' dir='ltr'>societatem</span> <span class='ocrx_word' id='word_1_6' title='bbox 492 397 718 442; x_wconf 88' lang='lat' dir='ltr'>humanam</span> <span class='ocrx_word' id='word_1_7' title='bbox 743 405 1049 458; x_wconf 89' lang='lat' dir='ltr'>perpetratum,</span> <span class='ocrx_word' id='word_1_8' title='bbox 1069 398 1229 442; x_wconf 85' lang='lat' dir='ltr'>exstin-</span> 
     </span>
     <span class='ocr_line' id='line_1_3' title="bbox 109 465 1227 533; baseline 0.001 -15"><span class='ocrx_word' id='word_1_9' title='bbox 109 481 274 533; x_wconf 84' lang='lat' dir='ltr'>guatur.</span> <span class='ocrx_word' id='word_1_10' title='bbox 333 475 403 519; x_wconf 89' lang='lat' dir='ltr'>An</span> <span class='ocrx_word' id='word_1_11' title='bbox 439 488 539 519; x_wconf 85' lang='lat' dir='ltr'>vero</span> <span class='ocrx_word' id='word_1_12' title='bbox 584 475 709 519; x_wconf 88' lang='lat' dir='ltr'>ullam</span> <span class='ocrx_word' id='word_1_13' title='bbox 744 465 930 520; x_wconf 80' lang='lat' dir='ltr'>vide&#39;mus</span> <span class='ocrx_word' id='word_1_14' title='bbox 961 475 1198 520; x_wconf 83' lang='lat' dir='ltr'>societatem</span> <span class='ocrx_word' id='word_1_15' title='bbox 1216 507 1227 528; x_wconf 84' lang='lat'>‚</span> 
     </span>
     <span class='ocr_line' id='line_1_4' title="bbox 112 551 1226 612; baseline 0.001 -17"><span class='ocrx_word' id='word_1_16' title='bbox 112 565 218 608; x_wconf 88' lang='lat' dir='ltr'>quae</span> <span class='ocrx_word' id='word_1_17' title='bbox 234 583 247 605; x_wconf 92' lang='lat'>‚</span> <span class='ocrx_word' id='word_1_18' title='bbox 259 551 548 596; x_wconf 89' lang='lat' dir='ltr'>Maniacorum</span> <span class='ocrx_word' id='word_1_19' title='bbox 561 551 690 609; x_wconf 84' lang='lat' dir='ltr'>libere</span> <span class='ocrx_word' id='word_1_20' title='bbox 706 566 847 596; x_wconf 85' lang='lat' dir='ltr'>curam</span> <span class='ocrx_word' id='word_1_21' title='bbox 857 584 870 606; x_wconf 93' lang='lat'>‚</span> <span class='ocrx_word' id='word_1_22' title='bbox 883 553 992 598; x_wconf 91' lang='lat' dir='ltr'>nulla</span> <span class='ocrx_word' id='word_1_23' title='bbox 1007 551 1226 612; x_wconf 86' lang='lat' dir='ltr'>proposita</span> 
     </span>
     <span class='ocr_line' id='line_1_5' title="bbox 108 628 1229 689; baseline 0.001 -18"><span class='ocrx_word' id='word_1_24' title='bbox 108 628 326 682; x_wconf 88' lang='lat' dir='ltr'>mercede,</span> <span class='ocrx_word' id='word_1_25' title='bbox 364 629 407 672; x_wconf 91' lang='lat' dir='ltr'>in</span> <span class='ocrx_word' id='word_1_26' title='bbox 440 643 484 673; x_wconf 92' lang='lat' dir='ltr'>se</span> <span class='ocrx_word' id='word_1_27' title='bbox 510 629 727 688; x_wconf 84' lang='lat' dir='ltr'>suscepit?</span> <span class='ocrx_word' id='word_1_28' title='bbox 759 630 827 673; x_wconf 90' lang='lat' dir='ltr'>An</span> <span class='ocrx_word' id='word_1_29' title='bbox 858 629 990 688; x_wconf 87' lang='lat' dir='ltr'>magis</span> <span class='ocrx_word' id='word_1_30' title='bbox 1022 630 1075 674; x_wconf 91' lang='lat' dir='ltr'>de</span> <span class='ocrx_word' id='word_1_31' title='bbox 1106 631 1229 689; x_wconf 87' lang='lat' dir='ltr'>ipso-</span> 
     </span>
     <span class='ocr_line' id='line_1_6' title="bbox 108 706 1227 767; baseline 0.001 -18"><span class='ocrx_word' id='word_1_32' title='bbox 108 719 200 749; x_wconf 88' lang='lat' dir='ltr'>rum</span> <span class='ocrx_word' id='word_1_33' title='bbox 229 706 484 750; x_wconf 89' lang='lat' dir='ltr'>restituenda</span> <span class='ocrx_word' id='word_1_34' title='bbox 513 706 688 751; x_wconf 87' lang='lat' dir='ltr'>sanitate</span> <span class='ocrx_word' id='word_1_35' title='bbox 705 737 718 759; x_wconf 93' lang='lat'>,</span> <span class='ocrx_word' id='word_1_36' title='bbox 751 721 876 767; x_wconf 87' lang='lat' dir='ltr'>quam</span> <span class='ocrx_word' id='word_1_37' title='bbox 907 706 958 751; x_wconf 92' lang='lat' dir='ltr'>de</span> <span class='ocrx_word' id='word_1_38' title='bbox 996 706 1227 751; x_wconf 87' lang='lat' dir='ltr'>scelerato-</span> 
     </span>
     <span class='ocr_line' id='line_1_7' title="bbox 106 770 1222 843; baseline 0.001 -17"><span class='ocrx_word' id='word_1_39' title='bbox 106 797 200 826; x_wconf 89' lang='lat' dir='ltr'>rum</span> <span class='ocrx_word' id='word_1_40' title='bbox 248 770 509 842; x_wconf 84' lang='lat' dir='ltr'>captivorum</span> <span class='ocrx_word' id='word_1_41' title='bbox 559 783 851 828; x_wconf 84' lang='lat' dir='ltr'>emendatione</span> <span class='ocrx_word' id='word_1_42' title='bbox 915 783 1222 843; x_wconf 86' lang='lat' dir='ltr'>desperandum</span> 
     </span>
     <span class='ocr_line' id='line_1_8' title="bbox 106 859 1227 920; baseline 0.003 -18"><span class='ocrx_word' id='word_1_43' title='bbox 106 860 202 903; x_wconf 86' lang='lat' dir='ltr'>est?</span> <span class='ocrx_word' id='word_1_44' title='bbox 242 859 365 904; x_wconf 91' lang='lat' dir='ltr'>Nullo</span> <span class='ocrx_word' id='word_1_45' title='bbox 406 859 607 914; x_wconf 86' lang='lat' dir='ltr'>crimine,</span> <span class='ocrx_word' id='word_1_46' title='bbox 638 861 751 905; x_wconf 90' lang='lat' dir='ltr'>nullo</span> <span class='ocrx_word' id='word_1_47' title='bbox 789 861 946 920; x_wconf 83' lang='lat' dir='ltr'>flagitio</span> <span class='ocrx_word' id='word_1_48' title='bbox 995 868 1091 905; x_wconf 91' lang='lat' dir='ltr'>sunt</span> <span class='ocrx_word' id='word_1_49' title='bbox 1118 875 1227 905; x_wconf 87' lang='lat' dir='ltr'>con-</span> 
     </span>
     <span class='ocr_line' id='line_1_9' title="bbox 104 934 1229 996; baseline 0.004 -19"><span class='ocrx_word' id='word_1_50' title='bbox 104 934 305 981; x_wconf 86' lang='lat' dir='ltr'>taminati.</span> <span class='ocrx_word' id='word_1_51' title='bbox 385 936 471 981; x_wconf 87' lang='lat' dir='ltr'>Cur</span> <span class='ocrx_word' id='word_1_52' title='bbox 501 937 628 996; x_wconf 85' lang='lat' dir='ltr'>igitur</span> <span class='ocrx_word' id='word_1_53' title='bbox 651 938 819 995; x_wconf 89' lang='lat' dir='ltr'>lugent,</span> <span class='ocrx_word' id='word_1_54' title='bbox 865 939 1092 983; x_wconf 86' lang='lat' dir='ltr'>moerent?</span> <span class='ocrx_word' id='word_1_55' title='bbox 1152 952 1229 982; x_wconf 89' lang='lat' dir='ltr'>cur</span> 
     </span>
     <span class='ocr_line' id='line_1_10' title="bbox 96 1011 1226 1069; baseline 0.001 -12"><span class='ocrx_word' id='word_1_56' title='bbox 96 1011 217 1057; x_wconf 81' lang='lat' dir='ltr'>nullo</span> <span class='ocrx_word' id='word_1_57' title='bbox 251 1012 428 1066; x_wconf 85' lang='lat' dir='ltr'>auxilio,</span> <span class='ocrx_word' id='word_1_58' title='bbox 481 1014 594 1058; x_wconf 91' lang='lat' dir='ltr'>nullo</span> <span class='ocrx_word' id='word_1_59' title='bbox 648 1014 877 1069; x_wconf 89' lang='lat' dir='ltr'>levamine,</span> <span class='ocrx_word' id='word_1_60' title='bbox 943 1015 1052 1058; x_wconf 89' lang='lat' dir='ltr'>nulla</span> <span class='ocrx_word' id='word_1_61' title='bbox 1095 1014 1226 1059; x_wconf 83' lang='lat' dir='ltr'>sortis</span> 
     </span>
     <span class='ocr_line' id='line_1_11' title="bbox 99 1086 1225 1148; baseline 0.004 -17"><span class='ocrx_word' id='word_1_62' title='bbox 99 1086 356 1132; x_wconf 82' lang='lat' dir='ltr'>miserrimae</span> <span class='ocrx_word' id='word_1_63' title='bbox 400 1089 688 1134; x_wconf 86' lang='lat' dir='ltr'>emendatione</span> <span class='ocrx_word' id='word_1_64' title='bbox 737 1090 850 1148; x_wconf 83' lang='lat' dir='ltr'>digni</span> <span class='ocrx_word' id='word_1_65' title='bbox 891 1091 1130 1136; x_wconf 82' lang='lat' dir='ltr'>habentur?</span> <span class='ocrx_word' id='word_1_66' title='bbox 1171 1116 1225 1126; x_wconf 89' lang='lat'>-—</span> 
     </span>
     <span class='ocr_line' id='line_1_12' title="bbox 104 1163 1224 1225; baseline 0.003 -17"><span class='ocrx_word' id='word_1_67' title='bbox 104 1163 190 1208; x_wconf 90' lang='lat' dir='ltr'>Cur</span> <span class='ocrx_word' id='word_1_68' title='bbox 217 1178 268 1210; x_wconf 89' lang='lat' dir='ltr'>eo</span> <span class='ocrx_word' id='word_1_69' title='bbox 295 1180 427 1222; x_wconf 93' lang='lat' dir='ltr'>usque</span> <span class='ocrx_word' id='word_1_70' title='bbox 448 1166 643 1224; x_wconf 80' lang='lat' dir='ltr'>procedit</span> <span class='ocrx_word' id='word_1_71' title='bbox 675 1168 900 1212; x_wconf 89' lang='lat' dir='ltr'>crudelitas</span> <span class='ocrx_word' id='word_1_72' title='bbox 933 1174 1060 1224; x_wconf 88' lang='lat' dir='ltr'>atque</span> <span class='ocrx_word' id='word_1_73' title='bbox 1086 1167 1224 1225; x_wconf 87' lang='lat' dir='ltr'>injus-</span> 
     </span>
     <span class='ocr_line' id='line_1_13' title="bbox 102 1241 1222 1300; baseline 0.002 -15"><span class='ocrx_word' id='word_1_74' title='bbox 102 1241 212 1295; x_wconf 86' lang='lat' dir='ltr'>titia,</span> <span class='ocrx_word' id='word_1_75' title='bbox 259 1242 304 1286; x_wconf 86' lang='lat' dir='ltr'>ut</span> <span class='ocrx_word' id='word_1_76' title='bbox 340 1256 653 1300; x_wconf 82' lang='lat' dir='ltr'>nonnumquam</span> <span class='ocrx_word' id='word_1_77' title='bbox 699 1258 793 1288; x_wconf 91' lang='lat' dir='ltr'>cum</span> <span class='ocrx_word' id='word_1_78' title='bbox 832 1243 1045 1289; x_wconf 85' lang='lat' dir='ltr'>sceleratis</span> <span class='ocrx_word' id='word_1_79' title='bbox 1080 1243 1222 1288; x_wconf 81' lang='lat' dir='ltr'>homi-</span> 
     </span>
     <span class='ocr_line' id='line_1_14' title="bbox 102 1319 1223 1378; baseline 0 -15"><span class='ocrx_word' id='word_1_80' title='bbox 102 1319 255 1373; x_wconf 90' lang='lat' dir='ltr'>nibus,</span> <span class='ocrx_word' id='word_1_81' title='bbox 284 1333 420 1378; x_wconf 91' lang='lat' dir='ltr'>poena</span> <span class='ocrx_word' id='word_1_82' title='bbox 452 1320 615 1378; x_wconf 85' lang='lat' dir='ltr'>dignis,</span> <span class='ocrx_word' id='word_1_83' title='bbox 645 1319 689 1364; x_wconf 90' lang='lat' dir='ltr'>in</span> <span class='ocrx_word' id='word_1_84' title='bbox 720 1320 866 1365; x_wconf 87' lang='lat' dir='ltr'>iisdem</span> <span class='ocrx_word' id='word_1_85' title='bbox 907 1321 1147 1365; x_wconf 83' lang='lat' dir='ltr'>carceribus</span> <span class='ocrx_word' id='word_1_86' title='bbox 1183 1327 1223 1364; x_wconf 90' lang='lat' dir='ltr'>et</span> 
     </span>
     <span class='ocr_line' id='line_1_15' title="bbox 102 1397 1225 1455; baseline 0 -15"><span class='ocrx_word' id='word_1_87' title='bbox 102 1397 290 1441; x_wconf 88' lang='lat' dir='ltr'>cavernis</span> <span class='ocrx_word' id='word_1_88' title='bbox 320 1397 616 1450; x_wconf 82' lang='lat' dir='ltr'>includantur,</span> <span class='ocrx_word' id='word_1_89' title='bbox 650 1405 777 1455; x_wconf 85' lang='lat' dir='ltr'>atque</span> <span class='ocrx_word' id='word_1_90' title='bbox 804 1397 987 1442; x_wconf 86' lang='lat' dir='ltr'>ludibrio</span> <span class='ocrx_word' id='word_1_91' title='bbox 1018 1404 1058 1441; x_wconf 91' lang='lat' dir='ltr'>et</span> <span class='ocrx_word' id='word_1_92' title='bbox 1096 1411 1225 1441; x_wconf 84' lang='lat' dir='ltr'>vexa-</span> 
     </span>
     <span class='ocr_line' id='line_1_16' title="bbox 98 1473 1216 1532; baseline 0 -14"><span class='ocrx_word' id='word_1_93' title='bbox 98 1473 203 1519; x_wconf 82' lang='lat' dir='ltr'>tioni</span> <span class='ocrx_word' id='word_1_94' title='bbox 234 1474 509 1532; x_wconf 85' lang='lat' dir='ltr'>malignorum</span> <span class='ocrx_word' id='word_1_95' title='bbox 548 1475 763 1519; x_wconf 88' lang='lat' dir='ltr'>hominum</span> <span class='ocrx_word' id='word_1_96' title='bbox 800 1475 1128 1520; x_wconf 84' lang='lat' dir='ltr'>committantur.</span> <span class='ocrx_word' id='word_1_97' title='bbox 1166 1498 1216 1507; x_wconf 90' lang='lat'>—·</span> 
     </span>
     <span class='ocr_line' id='line_1_17' title="bbox 100 1550 1224 1611; baseline 0 -17"><span class='ocrx_word' id='word_1_98' title='bbox 100 1551 239 1608; x_wconf 86' lang='lat' dir='ltr'>Atque</span> <span class='ocrx_word' id='word_1_99' title='bbox 276 1550 379 1595; x_wconf 91' lang='lat' dir='ltr'>haec</span> <span class='ocrx_word' id='word_1_100' title='bbox 421 1551 523 1596; x_wconf 86' lang='lat' dir='ltr'>fiunt</span> <span class='ocrx_word' id='word_1_101' title='bbox 556 1551 599 1595; x_wconf 94' lang='lat' dir='ltr'>in</span> <span class='ocrx_word' id='word_1_102' title='bbox 641 1552 810 1611; x_wconf 83' lang='lat' dir='ltr'>populis</span> <span class='ocrx_word' id='word_1_103' title='bbox 833 1585 845 1605; x_wconf 90' lang='lat'>,</span> <span class='ocrx_word' id='word_1_104' title='bbox 877 1552 1066 1596; x_wconf 85' lang='lat' dir='ltr'>moribus</span> <span class='ocrx_word' id='word_1_105' title='bbox 1099 1565 1224 1595; x_wconf 86' lang='lat' dir='ltr'>man-</span> 
     </span>
     <span class='ocr_line' id='line_1_18' title="bbox 100 1628 1222 1688; baseline 0 -16"><span class='ocrx_word' id='word_1_106' title='bbox 100 1628 223 1672; x_wconf 85' lang='lat' dir='ltr'>suetis</span> <span class='ocrx_word' id='word_1_107' title='bbox 245 1659 256 1680; x_wconf 94' lang='lat'>,</span> <span class='ocrx_word' id='word_1_108' title='bbox 287 1628 487 1681; x_wconf 84' lang='lat' dir='ltr'>excultis,</span> <span class='ocrx_word' id='word_1_109' title='bbox 517 1629 561 1672; x_wconf 91' lang='lat' dir='ltr'>in</span> <span class='ocrx_word' id='word_1_110' title='bbox 593 1629 764 1688; x_wconf 86' lang='lat' dir='ltr'>populis</span> <span class='ocrx_word' id='word_1_111' title='bbox 808 1629 1080 1674; x_wconf 79' lang='lat' dir='ltr'>Christianis!</span> <span class='ocrx_word' id='word_1_112' title='bbox 1107 1629 1222 1686; x_wconf 81' lang='lat' dir='ltr'>Quis</span> 
     </span>
     <span class='ocr_line' id='line_1_19' title="bbox 102 1705 1222 1763; baseline 0.002 -15"><span class='ocrx_word' id='word_1_113' title='bbox 102 1705 241 1748; x_wconf 88' lang='lat' dir='ltr'>animo</span> <span class='ocrx_word' id='word_1_114' title='bbox 283 1712 345 1749; x_wconf 90' lang='lat' dir='ltr'>est</span> <span class='ocrx_word' id='word_1_115' title='bbox 371 1713 457 1748; x_wconf 89' lang='lat' dir='ltr'>tam</span> <span class='ocrx_word' id='word_1_116' title='bbox 502 1706 656 1763; x_wconf 78' lang='lat' dir='ltr'>agresti</span> <span class='ocrx_word' id='word_1_117' title='bbox 703 1713 743 1749; x_wconf 87' lang='lat' dir='ltr'>et</span> <span class='ocrx_word' id='word_1_118' title='bbox 785 1706 922 1760; x_wconf 90' lang='lat' dir='ltr'>duro,</span> <span class='ocrx_word' id='word_1_119' title='bbox 955 1707 1072 1763; x_wconf 90' lang='lat' dir='ltr'>cujus</span> <span class='ocrx_word' id='word_1_120' title='bbox 1117 1705 1222 1750; x_wconf 89' lang='lat' dir='ltr'>haec</span> 
     </span>
     <span class='ocr_line' id='line_1_20' title="bbox 100 1779 1225 1840; baseline 0 -17"><span class='ocrx_word' id='word_1_121' title='bbox 100 1779 277 1824; x_wconf 82' lang='lat' dir='ltr'>videntis</span> <span class='ocrx_word' id='word_1_122' title='bbox 334 1788 458 1837; x_wconf 88' lang='lat' dir='ltr'>atque</span> <span class='ocrx_word' id='word_1_123' title='bbox 517 1781 838 1840; x_wconf 84' lang='lat' dir='ltr'>contemplantis</span> <span class='ocrx_word' id='word_1_124' title='bbox 881 1795 968 1825; x_wconf 91' lang='lat' dir='ltr'>non</span> <span class='ocrx_word' id='word_1_125' title='bbox 1006 1788 1225 1824; x_wconf 78' lang='lat' dir='ltr'>moveatur</span> 
     </span>
     <span class='ocr_line' id='line_1_21' title="bbox 98 1856 1219 1916; baseline -0.001 -16"><span class='ocrx_word' id='word_1_126' title='bbox 98 1858 232 1916; x_wconf 87' lang='lat' dir='ltr'>pietas</span> <span class='ocrx_word' id='word_1_127' title='bbox 260 1872 357 1916; x_wconf 85' lang='lat' dir='ltr'>erga</span> <span class='ocrx_word' id='word_1_128' title='bbox 387 1858 465 1902; x_wconf 84' lang='lat' dir='ltr'>hos</span> <span class='ocrx_word' id='word_1_129' title='bbox 493 1859 696 1910; x_wconf 87' lang='lat' dir='ltr'>miseros,</span> <span class='ocrx_word' id='word_1_130' title='bbox 729 1858 882 1902; x_wconf 82' lang='lat' dir='ltr'>auxilio</span> <span class='ocrx_word' id='word_1_131' title='bbox 906 1865 946 1901; x_wconf 92' lang='lat' dir='ltr'>et</span> <span class='ocrx_word' id='word_1_132' title='bbox 981 1856 1219 1915; x_wconf 82' lang='lat' dir='ltr'>benignita-</span> 
     </span>
     <span class='ocr_line' id='line_1_22' title="bbox 96 1936 1215 1994; baseline -0.002 -16"><span class='ocrx_word' id='word_1_133' title='bbox 96 1942 163 1988; x_wconf 89' lang='lat' dir='ltr'>te,</span> <span class='ocrx_word' id='word_1_134' title='bbox 198 1949 283 1978; x_wconf 90' lang='lat' dir='ltr'>non</span> <span class='ocrx_word' id='word_1_135' title='bbox 307 1950 444 1994; x_wconf 86' lang='lat' dir='ltr'>poena</span> <span class='ocrx_word' id='word_1_136' title='bbox 474 1936 648 1992; x_wconf 83' lang='lat' dir='ltr'>dignos;</span> <span class='ocrx_word' id='word_1_137' title='bbox 681 1950 766 1978; x_wconf 85' lang='lat' dir='ltr'>non</span> <span class='ocrx_word' id='word_1_138' title='bbox 811 1942 1029 1979; x_wconf 83' lang='lat' dir='ltr'>moveatur</span> <span class='ocrx_word' id='word_1_139' title='bbox 1053 1948 1215 1978; x_wconf 89' lang='lat' dir='ltr'>summa</span> 
     </span>
     <span class='ocr_line' id='line_1_23' title="bbox 94 2009 1211 2071; baseline 0 -17"><span class='ocrx_word' id='word_1_140' title='bbox 94 2009 327 2070; x_wconf 85' lang='lat' dir='ltr'>indignatio</span> <span class='ocrx_word' id='word_1_141' title='bbox 348 2011 392 2055; x_wconf 91' lang='lat' dir='ltr'>in</span> <span class='ocrx_word' id='word_1_142' title='bbox 431 2026 528 2065; x_wconf 81' lang='lat' dir='ltr'>eos,</span> <span class='ocrx_word' id='word_1_143' title='bbox 573 2012 643 2069; x_wconf 82' lang='lat' dir='ltr'>qui</span> <span class='ocrx_word' id='word_1_144' title='bbox 686 2012 791 2057; x_wconf 87' lang='lat' dir='ltr'>haec</span> <span class='ocrx_word' id='word_1_145' title='bbox 833 2017 1106 2071; x_wconf 85' lang='lat' dir='ltr'>perpetrant,</span> <span class='ocrx_word' id='word_1_146' title='bbox 1139 2011 1211 2068; x_wconf 88' lang='lat' dir='ltr'>qui</span> 
     </span>
     <span class='ocr_line' id='line_1_24' title="bbox 97 2088 1217 2148; baseline 0 -15"><span class='ocrx_word' id='word_1_147' title='bbox 97 2090 203 2134; x_wconf 81' lang='lat' dir='ltr'>haec</span> <span class='ocrx_word' id='word_1_148' title='bbox 248 2088 528 2148; x_wconf 88' lang='lat' dir='ltr'>permittunt,</span> <span class='ocrx_word' id='word_1_149' title='bbox 572 2090 664 2134; x_wconf 87' lang='lat' dir='ltr'>risu</span> <span class='ocrx_word' id='word_1_150' title='bbox 707 2098 746 2134; x_wconf 86' lang='lat' dir='ltr'>et</span> <span class='ocrx_word' id='word_1_151' title='bbox 784 2089 990 2134; x_wconf 83' lang='lat' dir='ltr'>hilaritate</span> <span class='ocrx_word' id='word_1_152' title='bbox 1034 2088 1217 2145; x_wconf 75' lang='lat' dir='ltr'>quadam</span> 
     </span>
     <span class='ocr_line' id='line_1_25' title="bbox 99 2165 1218 2225; baseline -0.002 -15"><span class='ocrx_word' id='word_1_153' title='bbox 99 2166 207 2211; x_wconf 87' lang='lat' dir='ltr'>hanc</span> <span class='ocrx_word' id='word_1_154' title='bbox 252 2166 510 2211; x_wconf 82' lang='lat' dir='ltr'>vexationem</span> <span class='ocrx_word' id='word_1_155' title='bbox 569 2175 608 2211; x_wconf 91' lang='lat' dir='ltr'>et</span> <span class='ocrx_word' id='word_1_156' title='bbox 651 2166 993 2211; x_wconf 83' lang='lat' dir='ltr'>inhumanitatem</span> <span class='ocrx_word' id='word_1_157' title='bbox 1039 2165 1218 2225; x_wconf 82' lang='lat' dir='ltr'>conspi-</span> 
     </span>
     <span class='ocr_line' id='line_1_26' title="bbox 103 2244 224 2288; baseline 0.008 -1"><span class='ocrx_word' id='word_1_158' title='bbox 103 2244 224 2288; x_wconf 88' lang='lat' dir='ltr'>ciunt.</span> 
     </span>
    </p>

    <p class='ocr_par' dir='ltr' id='par_1_3' title="bbox 134 2319 1209 2385">
     <span class='ocr_line' id='line_1_27' title="bbox 134 2319 1209 2385; baseline -0.005 -18"><span class='ocrx_word' id='word_1_159' title='bbox 134 2322 325 2368; x_wconf 52' lang='lat' dir='ltr'>2Monent</span> <span class='ocrx_word' id='word_1_160' title='bbox 365 2321 419 2366; x_wconf 77' lang='lat' dir='ltr'>ad</span> <span class='ocrx_word' id='word_1_161' title='bbox 457 2337 581 2366; x_wconf 77' lang='lat' dir='ltr'>unum</span> <span class='ocrx_word' id='word_1_162' title='bbox 625 2322 708 2366; x_wconf 85' lang='lat' dir='ltr'>sere</span> <span class='ocrx_word' id='word_1_163' title='bbox 742 2333 915 2375; x_wconf 84' lang='lat' dir='ltr'>omncs,</span> <span class='ocrx_word' id='word_1_164' title='bbox 966 2319 1209 2385; x_wconf 77' lang='lat' dir='ltr'>Maniacos,</span> 
     </span>
    </p>
   </div>
  </div>
 </body>
</html>
