1492 2896
844 268 897 308 32

380 401 492 444 Alter
534 405 665 443 autem
706 399 979 455 egregiorum
1003 397 1175 439 illorum·
1198 396 1411 460 juvenum,

321 478 530 520 Aomoesss
563 476 753 520 VROLIK
773 507 783 527 ,
815 473 1252 526 Amstelaedamensis‚
1277 473 1320 517 in
1352 473 1413 517 11-

322 554 438 597 lustri
479 553 593 596 urbis
635 552 793 610 patriae
830 550 1066 600 Athenaeo,
1097 557 1315 607 antequam
1357 550 1411 593 ad

321 644 397 673 nos
433 630 558 681 venit,
589 643 748 673 summa
775 627 983 684 diligentia
1009 627 1051 669 in
1086 627 1218 670 bonas
1248 626 1415 679 literas,

321 707 393 751 sed
423 706 599 750 maxime
627 706 669 748 in
699 704 1008 748 mathematicas
1036 710 1074 746 et
1097 702 1288 761 physicas
1323 702 1411 749 dis-

320 783 491 842 ciplinas
518 782 714 826 incubuit.

378 859 493 916 Quas
530 858 692 915 quidem
730 858 785 900 ita
821 857 1110 915 pertractavit,
1137 864 1182 900 ut
1212 869 1297 900 non
1327 856 1415 900 fes-

321 936 524 988 tinanter,
555 943 598 978 ut
629 935 767 987 multi,
797 934 994 977 ambitum
1022 947 1160 977 earum
1193 946 1416 991 percurre-

319 1020 406 1065 ret,
448 1012 521 1056 sed
553 1020 740 1065 strenue,
786 1011 947 1055 assidue
975 1025 1115 1054 earum
1148 1010 1329 1063 fructus,
1371 1009 1414 1053 in

318 1103 485 1133 succum
515 1096 552 1132 et
580 1088 818 1146 sanguinem
851 1087 968 1145 quasi
997 1093 1265 1130 converteret.
1326 1086 1418 1143 Ag-

317 1173 519 1210 noverunt
553 1165 667 1208 brevi
702 1166 787 1221 ejus
823 1171 1118 1223 praeceptores
1150 1162 1300 1221 ingenii
1330 1163 1417 1220 ejus

320 1251 358 1287 et
387 1243 569 1287 discendi
595 1242 841 1286 felicitatem.
905 1240 1060 1285 Omnes
1081 1253 1178 1284 vero
1204 1239 1304 1284 boni
1325 1239 1419 1283 lau—

319 1321 477 1364 dabant
511 1326 724 1378 praeterea
764 1318 806 1360 in
842 1332 890 1362 eo
921 1316 1061 1374 judicii
1089 1330 1280 1369 acumen,
1312 1316 1420 1360 doc-

324 1397 454 1440 trinae
487 1396 672 1453 copiam,
704 1408 864 1437 morum
895 1393 1205 1438 humanitatem.

378 1473 647 1516 Examinibus
698 1470 956 1514 laudabiliter
1005 1469 1212 1528 peractis,
1265 1470 1421 1529 scripta
1455 1462 1459 1466 ⁵

325 1552 443 1593 etiam
480 1557 519 1593 et
550 1557 713 1592 strenue
741 1548 908 1592 defensa
940 1547 1229 1591 dissertatione
1261 1551 1316 1590 de
1333 1549 1423 1590 Ca·-

326 1632 420 1669 lore
454 1629 635 1668 telluris
662 1627 784 1682 infra
814 1625 1102 1680 superficiem
1133 1633 1427 1680 augescente,

325 1703 606 1761 dignissimum
636 1717 726 1745 eum
757 1701 915 1745 censuit
944 1699 1183 1745 Matheseos
1211 1706 1251 1744 et
1277 1699 1424 1744 Philo-

328 1779 499 1839 sophiae
525 1779 731 1822 Naturalis
760 1777 976 1828 Facultas,
1022 1775 1093 1833 qui
1123 1789 1306 1820 summos
1340 1776 1425 1820 ho-

329 1870 452 1899 nores
479 1872 602 1898 more
626 1858 876 1911 majorum,
908 1851 1044 1896 alteris
1074 1851 1320 1897 Academiae
1355 1867 1425 1898 se-

329 1933 534 1977 cularibus
548 1963 559 1985 ,
592 1938 839 1990 capesseret.

389 2010 524 2067 Quum
557 2008 703 2066 igitur,
736 2009 842 2052 laeta
870 2008 948 2051 hac
978 2007 1221 2059 occasione,
1251 2006 1430 2051 Provin-

331 2086 393 2130 cia
429 2086 530 2128 mihi
565 2085 617 2129 sit
650 2085 845 2128 mandata
883 2083 1142 2128 Promotoris
1172 2082 1298 2126 officii
1335 2097 1433 2127 sus-

333 2163 509 2214 tinendi,
565 2169 610 2205 ut
658 2162 738 2205 ritu
783 2161 986 2218 majorum
1029 2160 1288 2205 celebrentur
1325 2160 1430 2204 haec

333 2239 552 2287 solemnia,
585 2251 713 2282 evoco
748 2251 850 2290 vos,
893 2236 1053 2295 Optimi
1088 2235 1327 2280 Candidati!
1378 2236 1430 2280 ad

333 2315 590 2374 superiorem
610 2314 717 2358 hanc
734 2312 999 2365 cathedram,
1033 2312 1146 2368 cujus
1179 2310 1313 2356 aditus
1335 2312 1432 2356 solis
1486 2369 1489 2373 ι
