<?xml version="1.0" encoding="UTF-8"?>
<!DOCTYPE html PUBLIC "-//W3C//DTD XHTML 1.0 Transitional//EN"
    "http://www.w3.org/TR/xhtml1/DTD/xhtml1-transitional.dtd">
<html xmlns="http://www.w3.org/1999/xhtml" xml:lang="en" lang="en">
 <head>
  <title>
</title>
<meta http-equiv="Content-Type" content="text/html;charset=utf-8" />
  <meta name='ocr-system' content='tesseract 3.04.00' />
  <meta name='ocr-capabilities' content='ocr_page ocr_carea ocr_par ocr_line ocrx_word'/>
</head>
<body>
  <div class='ocr_page' id='page_1' title='image "annalesacademiae36acad_0106.png"; bbox 0 0 1492 2896; ppageno 0'>
   <div class='ocr_carea' id='block_1_1' title="bbox 270 286 1118 340">
    <p class='ocr_par' dir='ltr' id='par_1_1' title="bbox 270 286 1118 340">
     <span class='ocr_line' id='line_1_1' title="bbox 270 286 1118 340; baseline 0.006 -13"><span class='ocrx_word' id='word_1_1' title='bbox 270 288 294 327; x_wconf 87' lang='lat' dir='ltr'>S</span> <span class='ocrx_word' id='word_1_2' title='bbox 525 287 607 330; x_wconf 79' lang='lat' dir='ltr'><strong>PH.</strong></span> <span class='ocrx_word' id='word_1_3' title='bbox 641 289 692 331; x_wconf 84' lang='lat' dir='ltr'><strong>G.</strong></span> <span class='ocrx_word' id='word_1_4' title='bbox 725 301 826 331; x_wconf 77' lang='lat' dir='ltr'><strong>VAN</strong></span> <span class='ocrx_word' id='word_1_5' title='bbox 861 286 1118 340; x_wconf 81' lang='lat' dir='ltr'>HEUSDE,</span> 
     </span>
    </p>
   </div>
   <div class='ocr_carea' id='block_1_2' title="bbox 242 419 1373 2399">
    <p class='ocr_par' dir='ltr' id='par_1_2' title="bbox 242 419 1373 2399">
     <span class='ocr_line' id='line_1_2' title="bbox 266 419 1372 481; baseline 0.002 -17"><span class='ocrx_word' id='word_1_6' title='bbox 266 420 610 464; x_wconf 79' lang='lat' dir='ltr'><strong>corroborentur.</strong></span> <span class='ocrx_word' id='word_1_7' title='bbox 670 419 766 476; x_wconf 81' lang='lat' dir='ltr'><strong>Quo</strong></span> <span class='ocrx_word' id='word_1_8' title='bbox 796 420 926 478; x_wconf 84' lang='lat' dir='ltr'><strong>magis</strong></span> <span class='ocrx_word' id='word_1_9' title='bbox 960 421 1194 466; x_wconf 87' lang='lat' dir='ltr'><strong>habuerunt</strong></span> <span class='ocrx_word' id='word_1_10' title='bbox 1226 422 1372 481; x_wconf 80' lang='lat' dir='ltr'><strong>proavi</strong></span> 
     </span>
     <span class='ocr_line' id='line_1_3' title="bbox 265 496 1373 555; baseline 0.004 -17"><span class='ocrx_word' id='word_1_11' title='bbox 265 496 399 539; x_wconf 78' lang='lat' dir='ltr'><strong>nostri</strong></span> <span class='ocrx_word' id='word_1_12' title='bbox 415 527 427 548; x_wconf 90' lang='lat'>‚</span> <span class='ocrx_word' id='word_1_13' title='bbox 461 496 570 540; x_wconf 87' lang='lat' dir='ltr'><strong>unde</strong></span> <span class='ocrx_word' id='word_1_14' title='bbox 593 496 808 555; x_wconf 86' lang='lat' dir='ltr'><strong>praeclare</strong></span> <span class='ocrx_word' id='word_1_15' title='bbox 835 497 887 540; x_wconf 92' lang='lat' dir='ltr'><strong>de</strong></span> <span class='ocrx_word' id='word_1_16' title='bbox 913 497 993 541; x_wconf 88' lang='lat' dir='ltr'><strong>hac</strong></span> <span class='ocrx_word' id='word_1_17' title='bbox 1018 496 1242 542; x_wconf 84' lang='lat' dir='ltr'><strong>Academia</strong></span> <span class='ocrx_word' id='word_1_18' title='bbox 1257 528 1272 552; x_wconf 89' lang='lat'>‚</span> <span class='ocrx_word' id='word_1_19' title='bbox 1299 512 1373 543; x_wconf 87' lang='lat' dir='ltr'><strong>re-</strong></span> 
     </span>
     <span class='ocr_line' id='line_1_4' title="bbox 266 572 1370 634; baseline 0.001 -16"><span class='ocrx_word' id='word_1_20' title='bbox 266 587 364 618; x_wconf 88' lang='lat' dir='ltr'><strong>cens</strong></span> <span class='ocrx_word' id='word_1_21' title='bbox 399 572 569 617; x_wconf 68' lang='lat' dir='ltr'><strong>condita</strong></span> <span class='ocrx_word' id='word_1_22' title='bbox 587 605 600 628; x_wconf 95' lang='lat'>‚</span> <span class='ocrx_word' id='word_1_23' title='bbox 638 574 950 627; x_wconf 86' lang='lat' dir='ltr'><strong>ominarentur‚</strong></span> <span class='ocrx_word' id='word_1_24' title='bbox 985 590 1112 631; x_wconf 91' lang='lat' dir='ltr'><strong>quum</strong></span> <span class='ocrx_word' id='word_1_25' title='bbox 1141 575 1370 634; x_wconf 84' lang='lat' dir='ltr'><strong>inaugura-</strong></span> 
     </span>
     <span class='ocr_line' id='line_1_5' title="bbox 265 650 1370 706; baseline 0.004 -13"><span class='ocrx_word' id='word_1_26' title='bbox 265 656 358 693; x_wconf 89' lang='lat' dir='ltr'><strong>rent</strong></span> <span class='ocrx_word' id='word_1_27' title='bbox 386 664 493 703; x_wconf 13' lang='lat' dir='ltr'><strong>*eam</strong></span> <span class='ocrx_word' id='word_1_28' title='bbox 539 664 632 694; x_wconf 92' lang='lat' dir='ltr'><strong>cum</strong></span> <span class='ocrx_word' id='word_1_29' title='bbox 674 650 771 703; x_wconf 84' lang='lat' dir='ltr'><strong>alii,</strong></span> <span class='ocrx_word' id='word_1_30' title='bbox 816 658 904 695; x_wconf 85' lang='lat' dir='ltr'><strong>tum</strong></span> <span class='ocrx_word' id='word_1_31' title='bbox 940 651 1171 706; x_wconf 87' lang='lat' dir='ltr'><strong>duumviri,</strong></span> <span class='ocrx_word' id='word_1_32' title='bbox 1212 654 1256 696; x_wconf 90' lang='lat' dir='ltr'><strong>in</strong></span> <span class='ocrx_word' id='word_1_33' title='bbox 1295 666 1370 698; x_wconf 93' lang='lat' dir='ltr'><strong>suo</strong></span> 
     </span>
     <span class='ocr_line' id='line_1_6' title="bbox 262 729 1370 791; baseline 0.003 -20"><span class='ocrx_word' id='word_1_34' title='bbox 262 734 437 783; x_wconf 85' lang='lat' dir='ltr'><strong>uterque</strong></span> <span class='ocrx_word' id='word_1_35' title='bbox 476 741 627 786; x_wconf 83' lang='lat' dir='ltr'><strong>genere</strong></span> <span class='ocrx_word' id='word_1_36' title='bbox 662 729 1028 786; x_wconf 81' lang='lat' dir='ltr'><strong>praestantissimi,</strong></span> <span class='ocrx_word' id='word_1_37' title='bbox 1063 729 1245 791; x_wconf 85' lang='lat' dir='ltr'><strong>primum</strong></span> <span class='ocrx_word' id='word_1_38' title='bbox 1279 729 1307 773; x_wconf 87' lang='lat' dir='ltr'>J</span> <span class='ocrx_word' id='word_1_39' title='bbox 1317 744 1370 774; x_wconf 93' lang='lat' dir='ltr'><strong>o·-</strong></span> 
     </span>
     <span class='ocr_line' id='line_1_7' title="bbox 264 805 1369 864; baseline 0.002 -16"><span class='ocrx_word' id='word_1_40' title='bbox 264 819 434 849; x_wconf 84' lang='lat' dir='ltr'><strong>annes</strong></span> <span class='ocrx_word' id='word_1_41' title='bbox 465 805 792 864; x_wconf 64' lang='lat' dir='ltr'><strong>Nipomius,</strong></span> <span class='ocrx_word' id='word_1_42' title='bbox 818 805 1162 861; x_wconf 86' lang='lat' dir='ltr'><strong>Jureconsultus,</strong></span> <span class='ocrx_word' id='word_1_43' title='bbox 1188 806 1251 852; x_wconf 83' lang='lat' dir='ltr'><strong>vir</strong></span> <span class='ocrx_word' id='word_1_44' title='bbox 1277 807 1369 851; x_wconf 64' lang='lat' dir='ltr'><strong>cul-&#39;-</strong></span> 
     </span>
     <span class='ocr_line' id='line_1_8' title="bbox 261 881 1368 939; baseline 0.002 -14"><span class='ocrx_word' id='word_1_45' title='bbox 261 881 464 934; x_wconf 71' lang='lat' dir='ltr'><strong>tissimus,</strong></span> <span class='ocrx_word' id='word_1_46' title='bbox 509 885 624 939; x_wconf 84' lang='lat' dir='ltr'><strong>cujus</strong></span> <span class='ocrx_word' id='word_1_47' title='bbox 674 883 810 926; x_wconf 87' lang='lat' dir='ltr'><strong>oratio</strong></span> <span class='ocrx_word' id='word_1_48' title='bbox 861 882 1124 927; x_wconf 87' lang='lat' dir='ltr'><strong>Ciceroniani</strong></span> <span class='ocrx_word' id='word_1_49' title='bbox 1163 883 1368 929; x_wconf 80' lang='lat' dir='ltr'><strong>referebat</strong></span> 
     </span>
     <span class='ocr_line' id='line_1_9' title="bbox 263 958 1367 1018; baseline 0.004 -17"><span class='ocrx_word' id='word_1_50' title='bbox 263 959 465 1004; x_wconf 83' lang='lat' dir='ltr'><strong>sermonis</strong></span> <span class='ocrx_word' id='word_1_51' title='bbox 511 958 677 1018; x_wconf 86' lang='lat' dir='ltr'><strong>copiam</strong></span> <span class='ocrx_word' id='word_1_52' title='bbox 716 966 756 1003; x_wconf 84' lang='lat' dir='ltr'><strong>et</strong></span> <span class='ocrx_word' id='word_1_53' title='bbox 803 967 1084 1004; x_wconf 81' lang='lat' dir='ltr'><strong>venustatem:</strong></span> <span class='ocrx_word' id='word_1_54' title='bbox 1125 967 1213 1005; x_wconf 81' lang='lat' dir='ltr'><strong>tum</strong></span> <span class='ocrx_word' id='word_1_55' title='bbox 1251 960 1367 1005; x_wconf 84' lang='lat' dir='ltr'><strong>Gis-</strong></span> 
     </span>
     <span class='ocr_line' id='line_1_10' title="bbox 261 1035 1364 1092; baseline 0.003 -14"><span class='ocrx_word' id='word_1_56' title='bbox 261 1035 454 1079; x_wconf 83' lang='lat' dir='ltr'><strong>}›ertus</strong></span> <span class='ocrx_word' id='word_1_57' title='bbox 487 1035 740 1087; x_wconf 82' lang='lat' dir='ltr'><strong>Voetius,</strong></span> <span class='ocrx_word' id='word_1_58' title='bbox 776 1036 912 1080; x_wconf 88' lang='lat' dir='ltr'><strong>minus</strong></span> <span class='ocrx_word' id='word_1_59' title='bbox 941 1037 1108 1092; x_wconf 89' lang='lat' dir='ltr'><strong>quidem</strong></span> <span class='ocrx_word' id='word_1_60' title='bbox 1134 1036 1201 1080; x_wconf 85' lang='lat' dir='ltr'><strong>ille</strong></span> <span class='ocrx_word' id='word_1_61' title='bbox 1227 1037 1364 1084; x_wconf 83' lang='lat' dir='ltr'><strong>indole</strong></span> 
     </span>
     <span class='ocr_line' id='line_1_11' title="bbox 263 1112 1366 1172; baseline 0.004 -18"><span class='ocrx_word' id='word_1_62' title='bbox 263 1112 450 1170; x_wconf 82' lang='lat' dir='ltr'><strong>placidus</strong></span> <span class='ocrx_word' id='word_1_63' title='bbox 477 1126 527 1155; x_wconf 79' lang='lat' dir='ltr'><strong>ac</strong></span> <span class='ocrx_word' id='word_1_64' title='bbox 557 1112 685 1164; x_wconf 87' lang='lat' dir='ltr'><strong>lenis,</strong></span> <span class='ocrx_word' id='word_1_65' title='bbox 719 1112 794 1155; x_wconf 86' lang='lat' dir='ltr'><strong>sed</strong></span> <span class='ocrx_word' id='word_1_66' title='bbox 825 1127 930 1155; x_wconf 91' lang='lat' dir='ltr'><strong>unus</strong></span> <span class='ocrx_word' id='word_1_67' title='bbox 957 1112 1001 1155; x_wconf 89' lang='lat' dir='ltr'><strong>in</strong></span> <span class='ocrx_word' id='word_1_68' title='bbox 1029 1112 1173 1170; x_wconf 84' lang='lat' dir='ltr'><strong>paucis</strong></span> <span class='ocrx_word' id='word_1_69' title='bbox 1199 1120 1366 1172; x_wconf 84' lang='lat' dir='ltr'><strong>tempo-</strong></span> 
     </span>
     <span class='ocr_line' id='line_1_12' title="bbox 260 1187 1298 1246; baseline 0.004 -16"><span class='ocrx_word' id='word_1_70' title='bbox 260 1189 376 1237; x_wconf 84' lang='lat' dir='ltr'><strong>ribus</strong></span> <span class='ocrx_word' id='word_1_71' title='bbox 409 1187 488 1231; x_wconf 86' lang='lat' dir='ltr'><strong>illis</strong></span> <span class='ocrx_word' id='word_1_72' title='bbox 517 1188 818 1233; x_wconf 77' lang='lat' dir='ltr'><strong>literatissimus</strong></span> <span class='ocrx_word' id='word_1_73' title='bbox 848 1188 1195 1246; x_wconf 70' lang='lat' dir='ltr'><strong>doctissimusque</strong></span> <span class='ocrx_word' id='word_1_74' title='bbox 1224 1188 1298 1234; x_wconf 85' lang='lat' dir='ltr'><strong>vir.</strong></span> 
     </span>
     <span class='ocr_line' id='line_1_13' title="bbox 314 1264 1363 1324; baseline 0.004 -16"><span class='ocrx_word' id='word_1_75' title='bbox 314 1264 390 1310; x_wconf 84' lang='lat' dir='ltr'><strong>Est</strong></span> <span class='ocrx_word' id='word_1_76' title='bbox 414 1279 563 1324; x_wconf 84' lang='lat' dir='ltr'><strong>nempe</strong></span> <span class='ocrx_word' id='word_1_77' title='bbox 596 1268 743 1309; x_wconf 70' lang='lat' dir='ltr'><strong>natura</strong></span> <span class='ocrx_word' id='word_1_78' title='bbox 772 1266 831 1309; x_wconf 80' lang='lat' dir='ltr'><strong>sle</strong></span> <span class='ocrx_word' id='word_1_79' title='bbox 861 1266 1151 1320; x_wconf 84' lang='lat' dir='ltr'><strong>constitutum,</strong></span> <span class='ocrx_word' id='word_1_80' title='bbox 1183 1267 1363 1312; x_wconf 81' lang='lat' dir='ltr'><strong>Audito-</strong></span> 
     </span>
     <span class='ocr_line' id='line_1_14' title="bbox 258 1341 1362 1393; baseline 0.003 -9"><span class='ocrx_word' id='word_1_81' title='bbox 258 1356 355 1393; x_wconf 81' lang='lat' dir='ltr'><strong>res,</strong></span> <span class='ocrx_word' id='word_1_82' title='bbox 389 1350 432 1384; x_wconf 88' lang='lat' dir='ltr'><strong>ut</strong></span> <span class='ocrx_word' id='word_1_83' title='bbox 465 1341 614 1385; x_wconf 83' lang='lat' dir='ltr'><strong>artium</strong></span> <span class='ocrx_word' id='word_1_84' title='bbox 651 1341 835 1386; x_wconf 83' lang='lat' dir='ltr'><strong>omnium</strong></span> <span class='ocrx_word' id='word_1_85' title='bbox 873 1342 1131 1387; x_wconf 81' lang='lat' dir='ltr'><strong>laudatarum</strong></span> <span class='ocrx_word' id='word_1_86' title='bbox 1167 1343 1252 1389; x_wconf 86' lang='lat' dir='ltr'><strong>duo</strong></span> <span class='ocrx_word' id='word_1_87' title='bbox 1283 1345 1362 1389; x_wconf 82' lang='lat' dir='ltr'><strong>sint</strong></span> 
     </span>
     <span class='ocr_line' id='line_1_15' title="bbox 257 1417 1358 1475; baseline 0.003 -12"><span class='ocrx_word' id='word_1_88' title='bbox 257 1417 417 1463; x_wconf 74' lang='lat' dir='ltr'><strong>vincula</strong></span> <span class='ocrx_word' id='word_1_89' title='bbox 437 1450 448 1471; x_wconf 90' lang='lat'>,</span> <span class='ocrx_word' id='word_1_90' title='bbox 475 1423 695 1462; x_wconf 76' lang='lat' dir='ltr'><strong>Historia</strong></span> <span class='ocrx_word' id='word_1_91' title='bbox 729 1426 770 1463; x_wconf 84' lang='lat' dir='ltr'><strong>et</strong></span> <span class='ocrx_word' id='word_1_92' title='bbox 799 1421 1102 1475; x_wconf 70' lang='lat' dir='ltr'><strong>Philosophia</strong></span> <span class='ocrx_word' id='word_1_93' title='bbox 1119 1452 1131 1472; x_wconf 85' lang='lat'>‚</span> <span class='ocrx_word' id='word_1_94' title='bbox 1168 1423 1358 1467; x_wconf 67' lang='lat' dir='ltr'><strong>Lites-ae</strong></span> 
     </span>
     <span class='ocr_line' id='line_1_16' title="bbox 257 1495 1359 1553; baseline 0.001 -12"><span class='ocrx_word' id='word_1_95' title='bbox 257 1502 392 1541; x_wconf 87' lang='lat' dir='ltr'><strong>autem</strong></span> <span class='ocrx_word' id='word_1_96' title='bbox 431 1498 724 1538; x_wconf 76' lang='lat' dir='ltr'><strong>humaniores</strong></span> <span class='ocrx_word' id='word_1_97' title='bbox 757 1495 810 1538; x_wconf 86' lang='lat' dir='ltr'><strong>ad</strong></span> <span class='ocrx_word' id='word_1_98' title='bbox 848 1504 1068 1553; x_wconf 83' lang='lat' dir='ltr'><strong>utramque</strong></span> <span class='ocrx_word' id='word_1_99' title='bbox 1102 1504 1214 1542; x_wconf 78' lang='lat' dir='ltr'><strong>recte</strong></span> <span class='ocrx_word' id='word_1_100' title='bbox 1248 1505 1359 1543; x_wconf 75' lang='lat' dir='ltr'><strong>trac-</strong></span> 
     </span>
     <span class='ocr_line' id='line_1_17' title="bbox 256 1572 1358 1631; baseline 0.003 -16"><span class='ocrx_word' id='word_1_101' title='bbox 256 1572 426 1615; x_wconf 84' lang='lat' dir='ltr'><strong>tandam</strong></span> <span class='ocrx_word' id='word_1_102' title='bbox 458 1572 577 1617; x_wconf 87' lang='lat' dir='ltr'><strong>unice</strong></span> <span class='ocrx_word' id='word_1_103' title='bbox 602 1573 683 1616; x_wconf 89' lang='lat' dir='ltr'><strong>sint</strong></span> <span class='ocrx_word' id='word_1_104' title='bbox 710 1573 1065 1618; x_wconf 52' lang='lat' dir='ltr'><strong>accommodatae».</strong></span> <span class='ocrx_word' id='word_1_105' title='bbox 1121 1574 1221 1631; x_wconf 69' lang='lat' dir='ltr'><strong>Qua</strong></span> <span class='ocrx_word' id='word_1_106' title='bbox 1244 1573 1294 1618; x_wconf 88' lang='lat' dir='ltr'><strong>de</strong></span> <span class='ocrx_word' id='word_1_107' title='bbox 1313 1591 1358 1619; x_wconf 88' lang='lat' dir='ltr'><strong>re</strong></span> 
     </span>
     <span class='ocr_line' id='line_1_18' title="bbox 254 1649 1197 1708; baseline 0.002 -15"><span class='ocrx_word' id='word_1_108' title='bbox 254 1649 367 1706; x_wconf 80' lang='lat' dir='ltr'><strong>juvat</strong></span> <span class='ocrx_word' id='word_1_109' title='bbox 391 1651 518 1708; x_wconf 84' lang='lat' dir='ltr'><strong>paulo</strong></span> <span class='ocrx_word' id='word_1_110' title='bbox 544 1650 672 1693; x_wconf 86' lang='lat' dir='ltr'><strong>fusius</strong></span> <span class='ocrx_word' id='word_1_111' title='bbox 701 1650 951 1707; x_wconf 89' lang='lat' dir='ltr'><strong>liberiusque</strong></span> <span class='ocrx_word' id='word_1_112' title='bbox 981 1650 1197 1695; x_wconf 85' lang='lat' dir='ltr'><strong>disserere.</strong></span> 
     </span>
     <span class='ocr_line' id='line_1_19' title="bbox 310 1726 1357 1784; baseline 0.004 -14"><span class='ocrx_word' id='word_1_113' title='bbox 310 1726 509 1770; x_wconf 79' lang='lat' dir='ltr'><strong>Refertur</strong></span> <span class='ocrx_word' id='word_1_114' title='bbox 538 1726 710 1770; x_wconf 81' lang='lat' dir='ltr'><strong>historia</strong></span> <span class='ocrx_word' id='word_1_115' title='bbox 740 1726 912 1784; x_wconf 87' lang='lat' dir='ltr'><strong>proprie</strong></span> <span class='ocrx_word' id='word_1_116' title='bbox 945 1726 998 1771; x_wconf 84' lang='lat' dir='ltr'><strong>ad</strong></span> <span class='ocrx_word' id='word_1_117' title='bbox 1030 1741 1096 1772; x_wconf 85' lang='lat' dir='ltr'><strong>res</strong></span> <span class='ocrx_word' id='word_1_118' title='bbox 1130 1734 1170 1772; x_wconf 89' lang='lat' dir='ltr'><strong>et</strong></span> <span class='ocrx_word' id='word_1_119' title='bbox 1199 1727 1357 1774; x_wconf 73' lang='lat' dir='ltr'><strong>vicissi-</strong></span> 
     </span>
     <span class='ocr_line' id='line_1_20' title="bbox 253 1802 1356 1860; baseline 0.003 -14"><span class='ocrx_word' id='word_1_120' title='bbox 253 1802 417 1856; x_wconf 84' lang='lat' dir='ltr'><strong>tudines</strong></span> <span class='ocrx_word' id='word_1_121' title='bbox 446 1803 656 1860; x_wconf 79' lang='lat' dir='ltr'><strong>gentium3</strong></span> <span class='ocrx_word' id='word_1_122' title='bbox 693 1804 767 1847; x_wconf 85' lang='lat' dir='ltr'><strong>sed</strong></span> <span class='ocrx_word' id='word_1_123' title='bbox 801 1803 865 1847; x_wconf 79' lang='lat' dir='ltr'><strong>his</strong></span> <span class='ocrx_word' id='word_1_124' title='bbox 893 1818 978 1847; x_wconf 89' lang='lat' dir='ltr'><strong>non</strong></span> <span class='ocrx_word' id='word_1_125' title='bbox 1012 1811 1073 1848; x_wconf 90' lang='lat' dir='ltr'><strong>est</strong></span> <span class='ocrx_word' id='word_1_126' title='bbox 1101 1805 1252 1849; x_wconf 88' lang='lat' dir='ltr'><strong>finibus</strong></span> <span class='ocrx_word' id='word_1_127' title='bbox 1277 1805 1356 1849; x_wconf 77' lang='lat' dir='ltr'><strong>de-</strong></span> 
     </span>
     <span class='ocr_line' id='line_1_21' title="bbox 251 1868 1356 1937; baseline 0.003 -14"><span class='ocrx_word' id='word_1_128' title='bbox 251 1868 422 1937; x_wconf 82' lang='lat' dir='ltr'><strong>scripta.</strong></span> <span class='ocrx_word' id='word_1_129' title='bbox 487 1879 564 1923; x_wconf 86' lang='lat' dir='ltr'><strong>Est</strong></span> <span class='ocrx_word' id='word_1_130' title='bbox 593 1879 690 1923; x_wconf 85' lang='lat' dir='ltr'><strong>item</strong></span> <span class='ocrx_word' id='word_1_131' title='bbox 725 1879 1044 1937; x_wconf 86' lang='lat' dir='ltr'><strong>uniuscujusque</strong></span> <span class='ocrx_word' id='word_1_132' title='bbox 1069 1881 1168 1926; x_wconf 79' lang='lat' dir='ltr'><strong>artis</strong></span> <span class='ocrx_word' id='word_1_133' title='bbox 1198 1881 1356 1927; x_wconf 79' lang='lat' dir='ltr'><strong>doetri-</strong></span> 
     </span>
     <span class='ocr_line' id='line_1_22' title="bbox 251 1955 1353 2015; baseline 0.003 -15"><span class='ocrx_word' id='word_1_134' title='bbox 251 1970 411 2012; x_wconf 84' lang='lat' dir='ltr'><strong>naeque</strong></span> <span class='ocrx_word' id='word_1_135' title='bbox 433 1955 626 2008; x_wconf 84' lang='lat' dir='ltr'><strong>historia,</strong></span> <span class='ocrx_word' id='word_1_136' title='bbox 645 1971 771 2013; x_wconf 88' lang='lat' dir='ltr'><strong>quarn</strong></span> <span class='ocrx_word' id='word_1_137' title='bbox 787 1971 910 2000; x_wconf 89' lang='lat' dir='ltr'><strong>nemo</strong></span> <span class='ocrx_word' id='word_1_138' title='bbox 929 1958 1117 2015; x_wconf 79' lang='lat' dir='ltr'><strong>negligit,</strong></span> <span class='ocrx_word' id='word_1_139' title='bbox 1141 1959 1353 2015; x_wconf 70' lang='lat' dir='ltr'><strong>quiartem</strong></span> 
     </span>
     <span class='ocr_line' id='line_1_23' title="bbox 249 2032 1353 2092; baseline 0.002 -15"><span class='ocrx_word' id='word_1_140' title='bbox 249 2046 366 2078; x_wconf 87' lang='lat' dir='ltr'><strong>suam</strong></span> <span class='ocrx_word' id='word_1_141' title='bbox 395 2032 713 2089; x_wconf 84' lang='lat' dir='ltr'><strong>doctrinamque</strong></span> <span class='ocrx_word' id='word_1_142' title='bbox 741 2040 923 2077; x_wconf 84' lang='lat' dir='ltr'><strong>tractare</strong></span> <span class='ocrx_word' id='word_1_143' title='bbox 955 2041 1066 2078; x_wconf 82' lang='lat' dir='ltr'><strong>recte</strong></span> <span class='ocrx_word' id='word_1_144' title='bbox 1093 2034 1199 2082; x_wconf 83' lang='lat' dir='ltr'><strong>velit.</strong></span> <span class='ocrx_word' id='word_1_145' title='bbox 1248 2035 1353 2092; x_wconf 79' lang='lat' dir='ltr'><strong>Quis</strong></span> 
     </span>
     <span class='ocr_line' id='line_1_24' title="bbox 248 2108 1350 2168; baseline 0.001 -13"><span class='ocrx_word' id='word_1_146' title='bbox 248 2108 357 2155; x_wconf 83' lang='lat' dir='ltr'><strong>enim</strong></span> <span class='ocrx_word' id='word_1_147' title='bbox 384 2123 482 2152; x_wconf 78' lang='lat' dir='ltr'><strong>vero</strong></span> <span class='ocrx_word' id='word_1_148' title='bbox 508 2108 675 2155; x_wconf 88' lang='lat' dir='ltr'><strong>nomine</strong></span> <span class='ocrx_word' id='word_1_149' title='bbox 701 2109 902 2155; x_wconf 86' lang='lat' dir='ltr'><strong>dicendus</strong></span> <span class='ocrx_word' id='word_1_150' title='bbox 931 2111 1138 2157; x_wconf 65' lang='lat' dir='ltr'><strong>Medicus,</strong></span> <span class='ocrx_word' id='word_1_151' title='bbox 1164 2111 1230 2168; x_wconf 89' lang='lat' dir='ltr'><strong>qui</strong></span> <span class='ocrx_word' id='word_1_152' title='bbox 1256 2112 1350 2156; x_wconf 82' lang='lat' dir='ltr'><strong>Me-</strong></span> 
     </span>
     <span class='ocr_line' id='line_1_25' title="bbox 247 2185 1350 2246; baseline 0.005 -19"><span class='ocrx_word' id='word_1_153' title='bbox 247 2185 408 2230; x_wconf 84' lang='lat' dir='ltr'><strong>dicinae</strong></span> <span class='ocrx_word' id='word_1_154' title='bbox 424 2218 435 2236; x_wconf 88' lang='lat'>‚</span> <span class='ocrx_word' id='word_1_155' title='bbox 464 2186 556 2241; x_wconf 80' lang='lat' dir='ltr'><strong>quis</strong></span> <span class='ocrx_word' id='word_1_156' title='bbox 583 2185 900 2231; x_wconf 75' lang='lat' dir='ltr'><strong>Jureconsultus</strong></span> <span class='ocrx_word' id='word_1_157' title='bbox 916 2219 927 2238; x_wconf 90' lang='lat'>,</span> <span class='ocrx_word' id='word_1_158' title='bbox 954 2187 1025 2243; x_wconf 78' lang='lat' dir='ltr'><strong>qui</strong></span> <span class='ocrx_word' id='word_1_159' title='bbox 1050 2187 1350 2246; x_wconf 73' lang='lat' dir='ltr'><strong>Jurispruden-</strong></span> 
     </span>
     <span class='ocr_line' id='line_1_26' title="bbox 247 2261 1346 2321; baseline 0.002 -13"><span class='ocrx_word' id='word_1_160' title='bbox 247 2262 344 2311; x_wconf 73' lang='lat' dir='ltr'><strong>tiae,</strong></span> <span class='ocrx_word' id='word_1_161' title='bbox 370 2261 462 2318; x_wconf 75' lang='lat' dir='ltr'><strong>quis</strong></span> <span class='ocrx_word' id='word_1_162' title='bbox 481 2262 745 2319; x_wconf 58' lang='lat' dir='ltr'><strong>Theobgus,</strong></span> <span class='ocrx_word' id='word_1_163' title='bbox 771 2262 841 2318; x_wconf 86' lang='lat' dir='ltr'><strong>qui</strong></span> <span class='ocrx_word' id='word_1_164' title='bbox 860 2262 1114 2321; x_wconf 82' lang='lat' dir='ltr'><strong>Theologiae</strong></span> <span class='ocrx_word' id='word_1_165' title='bbox 1135 2264 1346 2310; x_wconf 79' lang='lat' dir='ltr'><strong>historiam</strong></span> 
     </span>
     <span class='ocr_line' id='line_1_27' title="bbox 242 2339 1346 2399; baseline 0.005 -18"><span class='ocrx_word' id='word_1_166' title='bbox 242 2354 325 2387; x_wconf 72' lang='lat' dir='ltr'><strong>non</strong></span> <span class='ocrx_word' id='word_1_167' title='bbox 357 2341 499 2385; x_wconf 71' lang='lat' dir='ltr'><strong>tenet?</strong></span> <span class='ocrx_word' id='word_1_168' title='bbox 565 2339 691 2383; x_wconf 66' lang='lat' dir='ltr'><strong>Recte</strong></span> <span class='ocrx_word' id='word_1_169' title='bbox 724 2339 814 2399; x_wconf 79' lang='lat' dir='ltr'><strong>quis</strong></span> <span class='ocrx_word' id='word_1_170' title='bbox 839 2339 1036 2384; x_wconf 80' lang='lat' dir='ltr'><strong>historiae</strong></span> <span class='ocrx_word' id='word_1_171' title='bbox 1062 2340 1225 2398; x_wconf 79' lang='lat' dir='ltr'><strong>ignaros</strong></span> <span class='ocrx_word' id='word_1_172' title='bbox 1252 2355 1346 2387; x_wconf 84' lang='lat' dir='ltr'><strong>cum</strong></span> 
     </span>
    </p>
   </div>
  </div>
 </body>
</html>
