1492 2896
623 267 675 308 13

86 405 165 449 bus
205 415 350 446 manus
393 400 563 445 dextrae
602 400 743 453 elatis,
790 401 862 445 sed
901 400 1091 460 inprimis
1126 397 1195 460 pia

86 486 223 525 mente
252 484 461 538 praestate
491 476 793 534 jusjurandum.

141 556 269 614 Quod
292 554 417 614 igitur
448 555 628 607 bonum,
665 554 781 606 felix,
817 556 1081 614 faustumque
1112 569 1201 599 esse

86 633 226 690 jubeat
256 632 370 677 Deus
403 632 599 691 Optimus
630 632 849 676 Maximus.
878 658 928 665 —

333 790 668 846 (Promotionis
689 786 943 844 formula.)

145 942 309 987 Salvete
335 943 418 999 jam
441 942 651 986 Doctores
680 942 967 987 eruditissimi!
1009 957 1093 1000 quo
1121 956 1205 987 no-

89 1019 199 1063 mine
225 1032 304 1077 ego
333 1033 406 1063 vos
431 1019 594 1076 primus
621 1021 800 1064 salutare
819 1051 830 1072 ,
860 1020 994 1077 deque
1019 1020 1203 1079 acceptis

90 1095 323 1140 honoribus
354 1094 556 1153 gratulari
591 1110 716 1154 posse
754 1096 933 1154 gaudeo.

116 1194 118 1197 v
146 1173 244 1217 Jam
280 1180 380 1231 toga
423 1172 631 1217 doctorali
672 1172 806 1217 induti
846 1172 890 1216 in
921 1173 1033 1216 hunc
1068 1173 1206 1216 locum

91 1251 343 1295 honoratum
372 1250 676 1304 adscendistis‚
721 1250 835 1307 quod
868 1250 1063 1294 omnibus
1094 1249 1210 1293 indi-

93 1335 185 1381 cat,
224 1327 426 1373 Doctoris
459 1342 630 1372 munere
662 1334 787 1385 atque
818 1327 982 1372 honore
1013 1341 1088 1372 vos
1119 1342 1209 1372 esse

92 1403 388 1462 dignissimos3
419 1419 506 1448 non
539 1412 676 1450 autem
707 1404 834 1449 vestis
861 1405 953 1464 ipsa
984 1412 1071 1458 est,
1102 1420 1210 1462 quae

93 1488 240 1534 ornat,
285 1481 359 1526 sed
383 1481 462 1526 vita
492 1481 730 1527 academica
753 1483 861 1526 bene
882 1489 1077 1542 peracta,
1104 1496 1211 1540 quae

94 1565 205 1603 veste
235 1558 320 1616 jam
351 1558 600 1604 honoratur.
664 1559 782 1617 Ergo
813 1558 1099 1603 vestimentum
1128 1558 1211 1602 hoc

94 1649 168 1680 vos
189 1635 425 1689 admonet,
457 1635 582 1679 vitam
620 1637 663 1678 in
696 1636 845 1679 civium
879 1636 1052 1679 salutem
1084 1642 1210 1692 atque

97 1712 361 1757 scientiarum
404 1713 557 1757 cultum
600 1713 657 1757 ita
691 1728 780 1757 esse
811 1713 1079 1765 ducendam3
1110 1712 1209 1756 tali-

98 1790 257 1846 busque
290 1790 512 1834 virtutibus
539 1790 774 1834 ornandam
791 1821 803 1842 ‚
828 1797 873 1833 ut
901 1804 976 1834 vos
1006 1790 1089 1833 hoc
1114 1803 1211 1833 ves-

98 1864 172 1910 titu
196 1864 431 1910 honorifico
459 1880 624 1924 semper
657 1880 789 1922 aeque
824 1866 975 1922 dignos
1003 1864 1111 1910 cives
1141 1865 1212 1921 ju-

98 1932 250 1986 dicentss
877 1926 880 1931 ’
1021 1948 1024 1951 ’

154 2018 250 2062 Jam
287 2018 437 2063 librum
479 2020 616 2072 hunc,
648 2033 755 2078 opus
788 2020 1009 2064 inmortale
1040 2020 1213 2079 Hippo-

99 2096 224 2140 cratis
241 2128 254 2149 ,
283 2096 488 2155 principis
515 2104 639 2154 atque
659 2097 887 2141 fidelissimi
922 2104 1096 2142 naturae
1130 2097 1214 2141 ob·-

98 2173 346 2226 servatoris,
378 2173 498 2217 vobis
530 2171 669 2218 offero
687 2206 698 2226 ,
731 2175 929 2232 illumque
957 2175 1042 2232 jam
1071 2189 1213 2234 prop-

98 2258 211 2295 terea
241 2258 431 2309 apertum
456 2251 607 2304 trado,
645 2258 689 2295 ut
713 2266 787 2295 vos
811 2266 1028 2304 moneam,
1057 2251 1214 2296 Medici

101 2327 334 2372 doctrinam
374 2342 458 2372 non
487 2328 633 2387 exiguo
658 2329 764 2373 vitae
789 2329 1052 2393 academicae
1076 2329 1215 2388 spatio

102 2417 189 2448 csse
233 2405 682 2460 circumscribendam,
733 2421 874 2450 verum
913 2407 955 2450 in
999 2413 1212 2465 posterum
