1492 2896
256 261 325 300 154
647 250 964 300 DISQUISITIO

302 359 475 397 Enarrata
499 358 611 406 igitur
633 358 782 406 antiqua
804 360 1034 407 popularium
1058 372 1209 400 suorum
1226 363 1352 400 morali

251 428 493 477 praestantia,
534 428 584 466 ita
622 428 741 477 pergit
781 429 997 467 Sallustius:
1059 431 1172 475 „Sed
1206 431 1269 469 ubi
1301 431 1353 470 la-

251 497 343 534 bore
377 505 486 545 atque
513 498 657 547 justitia
693 498 900 547 respublica
926 498 1071 545 crevit,
1104 511 1206 549 reges
1232 502 1353 550 magni

253 567 351 603 bello
386 567 543 614 domiti,
579 567 749 606 nationes
785 567 882 606 ferae
908 577 945 605 et
967 568 1098 616 populi
1121 569 1287 618 ingentes
1315 571 1353 608 vi

252 637 422 683 subacti,
460 639 673 686 Carthago,
713 639 853 675 aemula
895 638 1036 686 imperii
1075 638 1263 687 Romani,
1306 640 1350 678 ab

251 706 367 755 stirpe
403 707 566 754 interiit,
612 716 744 745 cuncta
782 708 891 745 maria
928 717 1118 756 terraeque
1153 709 1351 756 patebant:

253 776 392 814 saevire
413 777 578 815 Fortuna
601 790 640 815 ac
677 778 828 815 miscere
857 778 977 816 omnia
1008 778 1145 826 coepit.
1204 778 1282 827 Qui
1306 781 1357 818 la-

252 848 387 893 bores,
415 847 576 895 pericula
593 876 605 894 ,
633 848 763 886 dubias
790 857 901 895 atque
925 859 1071 900 asperas
1093 859 1150 886 res
1175 847 1282 887 facile
1300 857 1359 887 to-

253 918 454 955 leraverant
470 946 483 964 ‚
506 918 549 956 iis
568 919 682 955 otium
696 946 708 965 ,
730 917 903 965 divitiae,
927 918 1107 967 optandae
1130 918 1236 966 aliis,
1257 921 1361 958 oneri

254 986 495 1035 miseriaeque
523 987 638 1026 fuere.
692 988 810 1036 Igitur
839 988 957 1036 primo
993 989 1195 1037 pecuniae,
1230 989 1359 1028 deinde

254 1056 396 1104 imperii
429 1056 568 1104 cupido
601 1057 741 1105 crevit3
784 1069 823 1094 ea
861 1057 965 1104 quasi
995 1058 1161 1096 materies
1194 1058 1359 1097 omnium

255 1126 432 1164 malorum
462 1126 579 1164 fuere.
633 1127 806 1174 Namque
840 1127 990 1165 avaritia
1025 1127 1162 1174 fidem,
1195 1127 1360 1176 probita-

255 1205 358 1243 tem,
383 1205 598 1244 ceterasque
627 1197 714 1234 artis
739 1196 856 1234 bonas
886 1197 1092 1243 subvertit;
1121 1209 1188 1245 pro
1212 1197 1270 1235 his
1298 1209 1361 1236 su·

257 1266 417 1314 pei-biam
434 1296 446 1313 ,
469 1267 719 1304 crudelitatem
740 1295 752 1314 ,
779 1268 877 1304 Deos
906 1268 1096 1315 neglegere
1112 1295 1125 1314 ,
1152 1269 1275 1306 omnia
1299 1281 1363 1307 ve-

258 1336 350 1373 nalia
376 1336 510 1373 habere
538 1336 701 1374 edocuit.
755 1336 921 1374 Ambitio
947 1338 1087 1374 multos
1111 1338 1282 1376 mortales
1296 1338 1364 1377 fal-

258 1416 321 1442 sos
352 1405 428 1443 lieri
458 1405 635 1454 subegit3
672 1405 773 1443 aliud
801 1407 965 1444 clausum
998 1408 1035 1444 in
1063 1416 1238 1456 pectore,
1265 1409 1364 1447 aliud

259 1477 296 1512 in
323 1477 448 1524 lingua
479 1485 665 1524 promtum
695 1477 852 1524 habere3
881 1477 1059 1515 amicitias
1084 1477 1366 1526 inimicitiasque

260 1556 335 1583 uon
362 1557 406 1583 ex
431 1558 494 1592 re,
529 1546 595 1584 sed
623 1557 666 1583 ex
695 1547 894 1590 commodo
921 1555 1148 1593 aestumare3
1179 1548 1369 1596 magisque

261 1618 428 1661 vultum,
455 1628 563 1663 quam
591 1616 776 1663 ingenium
803 1617 942 1653 bonum
968 1616 1114 1654 habere.
1170 1617 1270 1655 Haec
1295 1619 1370 1666 pri-

262 1697 323 1724 mo
341 1687 515 1734 paulatim
537 1697 724 1732 erescere,
750 1686 932 1723 interdum
955 1686 1147 1733 vindicari,
1169 1697 1278 1735 post,
1304 1689 1367 1725 ubi

262 1755 436 1804 contagio
461 1756 566 1804 quasi
593 1756 796 1805 pestilentia
822 1756 980 1804 invasit,
1002 1757 1130 1794 civitas
1159 1757 1367 1807 immutata;

261 1826 455 1874 imperium
476 1838 523 1864 ex
544 1826 767 1876 justissumo
791 1835 903 1874 atque
924 1835 1080 1875 optumo
1107 1827 1252 1865 crudele
1274 1827 1371 1865 into·

262 1898 527 1943 iterandumque
566 1896 839 1945 factum'’(1).
896 1897 1065 1944 Scilicet,
1096 1897 1251 1936 subacta
1280 1900 1371 1937 Car-

265 1968 434 2016 thagine,
461 1968 580 2004 omnis
607 1969 736 2016 procul
766 1967 888 2005 aberat
909 1969 1072 2005 hostium
1095 1977 1214 2006 metus
1232 1995 1243 2014 ,
1269 1977 1371 2006 totos

266 2050 305 2075 se
333 2038 467 2075 dabant
495 2038 653 2075 Romani
686 2038 904 2085 colligendis
929 2038 1183 2085 augendisque
1208 2038 1372 2085 opibus,

267 2120 386 2155 quae,
424 2108 533 2148 variis
565 2108 732 2145 victoriis
770 2110 814 2146 de
853 2108 1027 2155 Philippo
1060 2116 1097 2145 et
1128 2109 1260 2146 Perseo
1287 2108 1373 2145 Ma-

266 2177 439 2215 cedoniae
475 2187 510 2214 et
540 2177 728 2215 Antiocho
764 2177 890 2224 Syriae
925 2177 1118 2224 Regibus,
1154 2186 1230 2214 tum
1265 2178 1372 2215 etiam

269 2248 384 2286 Attali
418 2248 617 2285 hereditate
653 2248 806 2294 allatae,
840 2246 993 2285 mirifice
1017 2247 1268 2285 Romanorum
1297 2258 1376 2284 mo-

314 2367 360 2405 (ι)
387 2365 517 2397 Sanun.
542 2369 581 2395 E.
608 2367 642 2396 C,
669 2378 697 2396 ι’.
727 2377 775 2398 ευ.
1322 2329 1377 2354 leb
