<?xml version="1.0" encoding="UTF-8"?>
<!DOCTYPE html PUBLIC "-//W3C//DTD XHTML 1.0 Transitional//EN"
    "http://www.w3.org/TR/xhtml1/DTD/xhtml1-transitional.dtd">
<html xmlns="http://www.w3.org/1999/xhtml" xml:lang="en" lang="en">
 <head>
  <title>
</title>
<meta http-equiv="Content-Type" content="text/html;charset=utf-8" />
  <meta name='ocr-system' content='tesseract 3.04.00' />
  <meta name='ocr-capabilities' content='ocr_page ocr_carea ocr_par ocr_line ocrx_word'/>
</head>
<body>
  <div class='ocr_page' id='page_1' title='image "annalesacademiae36acad_0190.png"; bbox 0 0 1492 2896; ppageno 0'>
   <div class='ocr_carea' id='block_1_1' title="bbox 800 255 855 296">
    <p class='ocr_par' dir='ltr' id='par_1_1' title="bbox 800 255 855 296">
     <span class='ocr_line' id='line_1_1' title="bbox 800 255 855 296; baseline -0.018 -1"><span class='ocrx_word' id='word_1_1' title='bbox 800 255 855 296; x_wconf 78' lang='lat'><strong>60</strong></span> 
     </span>
    </p>
   </div>
   <div class='ocr_carea' id='block_1_2' title="bbox 265 385 1382 2356">
    <p class='ocr_par' dir='ltr' id='par_1_2' title="bbox 265 385 1381 1354">
     <span class='ocr_line' id='line_1_2' title="bbox 274 385 1378 445; baseline 0.004 -17"><span class='ocrx_word' id='word_1_2' title='bbox 274 385 388 429; x_wconf 91' lang='lat' dir='ltr'><strong>ditio.</strong></span> <span class='ocrx_word' id='word_1_3' title='bbox 481 386 590 430; x_wconf 85' lang='lat' dir='ltr'><strong>Tota</strong></span> <span class='ocrx_word' id='word_1_4' title='bbox 624 400 714 429; x_wconf 90' lang='lat' dir='ltr'><strong>cum</strong></span> <span class='ocrx_word' id='word_1_5' title='bbox 758 386 966 445; x_wconf 82' lang='lat' dir='ltr'>theologia</span> <span class='ocrx_word' id='word_1_6' title='bbox 1007 388 1378 441; x_wconf 81' lang='lat' dir='ltr'><strong>commiscebatur,</strong></span> 
     </span>
     <span class='ocr_line' id='line_1_3' title="bbox 272 463 1379 522; baseline 0.002 -17"><span class='ocrx_word' id='word_1_7' title='bbox 272 463 375 507; x_wconf 87' lang='lat' dir='ltr'><strong>haec</strong></span> <span class='ocrx_word' id='word_1_8' title='bbox 415 469 548 506; x_wconf 85' lang='lat' dir='ltr'><strong>autem</strong></span> <span class='ocrx_word' id='word_1_9' title='bbox 588 477 778 519; x_wconf 82' lang='lat' dir='ltr'><strong>magnam</strong></span> <span class='ocrx_word' id='word_1_10' title='bbox 822 472 981 521; x_wconf 86' lang='lat' dir='ltr'><strong>partem</strong></span> <span class='ocrx_word' id='word_1_11' title='bbox 1026 465 1083 508; x_wconf 89' lang='lat' dir='ltr'><strong>vel</strong></span> <span class='ocrx_word' id='word_1_12' title='bbox 1128 478 1176 508; x_wconf 81' lang='lat' dir='ltr'><strong>ex</strong></span> <span class='ocrx_word' id='word_1_13' title='bbox 1216 464 1379 522; x_wconf 86' lang='lat' dir='ltr'><strong>placitis</strong></span> 
     </span>
     <span class='ocr_line' id='line_1_4' title="bbox 270 538 1377 597; baseline 0.003 -15"><span class='ocrx_word' id='word_1_14' title='bbox 270 538 692 597; x_wconf 77' lang='lat' dir='ltr'><strong>Neoplatonicorum,</strong></span> <span class='ocrx_word' id='word_1_15' title='bbox 738 540 798 582; x_wconf 85' lang='lat' dir='ltr'><strong>vel</strong></span> <span class='ocrx_word' id='word_1_16' title='bbox 846 539 1107 584; x_wconf 83' lang='lat' dir='ltr'><strong>Aristotelica</strong></span> <span class='ocrx_word' id='word_1_17' title='bbox 1162 539 1377 585; x_wconf 86' lang='lat' dir='ltr'><strong>dialectica</strong></span> 
     </span>
     <span class='ocr_line' id='line_1_5' title="bbox 270 615 1378 674; baseline 0.003 -16"><span class='ocrx_word' id='word_1_18' title='bbox 270 616 505 661; x_wconf 83' lang='lat' dir='ltr'>constabat.</span> <span class='ocrx_word' id='word_1_19' title='bbox 581 616 805 672; x_wconf 82' lang='lat' dir='ltr'><strong>Quumque</strong></span> <span class='ocrx_word' id='word_1_20' title='bbox 842 615 1038 674; x_wconf 87' lang='lat' dir='ltr'>deinceps</span> <span class='ocrx_word' id='word_1_21' title='bbox 1073 617 1116 659; x_wconf 90' lang='lat' dir='ltr'><strong>in</strong></span> <span class='ocrx_word' id='word_1_22' title='bbox 1149 615 1267 660; x_wconf 88' lang='lat' dir='ltr'><strong>Italia</strong></span> <span class='ocrx_word' id='word_1_23' title='bbox 1306 631 1378 661; x_wconf 78' lang='lat' dir='ltr'><strong>re-</strong></span> 
     </span>
     <span class='ocr_line' id='line_1_6' title="bbox 267 692 1378 752; baseline -0.001 -16"><span class='ocrx_word' id='word_1_24' title='bbox 267 699 535 736; x_wconf 83' lang='lat' dir='ltr'><strong>nascerentur</strong></span> <span class='ocrx_word' id='word_1_25' title='bbox 565 693 723 736; x_wconf 81' lang='lat' dir='ltr'><strong>litterae</strong></span> <span class='ocrx_word' id='word_1_26' title='bbox 765 699 804 736; x_wconf 89' lang='lat' dir='ltr'><strong>et</strong></span> <span class='ocrx_word' id='word_1_27' title='bbox 838 707 886 736; x_wconf 81' lang='lat' dir='ltr'><strong>ex</strong></span> <span class='ocrx_word' id='word_1_28' title='bbox 919 692 1036 752; x_wconf 90' lang='lat' dir='ltr'><strong>puris</strong></span> <span class='ocrx_word' id='word_1_29' title='bbox 1075 692 1258 737; x_wconf 88' lang='lat' dir='ltr'><strong>fontibus</strong></span> <span class='ocrx_word' id='word_1_30' title='bbox 1298 707 1378 735; x_wconf 90' lang='lat' dir='ltr'><strong>an-</strong></span> 
     </span>
     <span class='ocr_line' id='line_1_7' title="bbox 267 769 1377 828; baseline 0.002 -16"><span class='ocrx_word' id='word_1_31' title='bbox 267 769 437 826; x_wconf 88' lang='lat' dir='ltr'><strong>tiquitas</strong></span> <span class='ocrx_word' id='word_1_32' title='bbox 478 776 823 826; x_wconf 80' lang='lat' dir='ltr'><strong>cognosceretur,</strong></span> <span class='ocrx_word' id='word_1_33' title='bbox 880 769 972 828; x_wconf 89' lang='lat' dir='ltr'><strong>ipsa</strong></span> <span class='ocrx_word' id='word_1_34' title='bbox 1020 769 1187 826; x_wconf 90' lang='lat' dir='ltr'><strong>quidem</strong></span> <span class='ocrx_word' id='word_1_35' title='bbox 1228 769 1377 828; x_wconf 82' lang='lat' dir='ltr'><strong>Lycaei</strong></span> 
     </span>
     <span class='ocr_line' id='line_1_8' title="bbox 267 845 1378 904; baseline 0.003 -16"><span class='ocrx_word' id='word_1_36' title='bbox 267 845 495 889; x_wconf 83' lang='lat' dir='ltr'><strong>auctoritas</strong></span> <span class='ocrx_word' id='word_1_37' title='bbox 532 845 773 904; x_wconf 83' lang='lat' dir='ltr'><strong>labefactari</strong></span> <span class='ocrx_word' id='word_1_38' title='bbox 805 846 968 904; x_wconf 90' lang='lat' dir='ltr'><strong>coepit,</strong></span> <span class='ocrx_word' id='word_1_39' title='bbox 1015 846 1262 891; x_wconf 87' lang='lat' dir='ltr'><strong>reviviscens</strong></span> <span class='ocrx_word' id='word_1_40' title='bbox 1299 862 1378 891; x_wconf 85' lang='lat' dir='ltr'><strong>au-</strong></span> 
     </span>
     <span class='ocr_line' id='line_1_9' title="bbox 267 921 1381 982; baseline 0.003 -17"><span class='ocrx_word' id='word_1_41' title='bbox 267 930 348 966; x_wconf 86' lang='lat' dir='ltr'><strong>tem</strong></span> <span class='ocrx_word' id='word_1_42' title='bbox 391 921 478 966; x_wconf 90' lang='lat' dir='ltr'><strong>veri</strong></span> <span class='ocrx_word' id='word_1_43' title='bbox 516 922 694 965; x_wconf 89' lang='lat' dir='ltr'><strong>studium</strong></span> <span class='ocrx_word' id='word_1_44' title='bbox 730 936 919 966; x_wconf 84' lang='lat' dir='ltr'><strong>carceres</strong></span> <span class='ocrx_word' id='word_1_45' title='bbox 960 922 1221 982; x_wconf 86' lang='lat' dir='ltr'><strong>excipiebant</strong></span> <span class='ocrx_word' id='word_1_46' title='bbox 1256 930 1381 981; x_wconf 88' lang='lat' dir='ltr'><strong>atque</strong></span> 
     </span>
     <span class='ocr_line' id='line_1_10' title="bbox 265 996 1378 1056; baseline 0.002 -15"><span class='ocrx_word' id='word_1_47' title='bbox 265 996 515 1056; x_wconf 84' lang='lat' dir='ltr'><strong>opprobria.</strong></span> <span class='ocrx_word' id='word_1_48' title='bbox 605 997 678 1041; x_wconf 91' lang='lat' dir='ltr'><strong>His</strong></span> <span class='ocrx_word' id='word_1_49' title='bbox 718 997 843 1055; x_wconf 83' lang='lat' dir='ltr'><strong>igitur</strong></span> <span class='ocrx_word' id='word_1_50' title='bbox 883 997 940 1041; x_wconf 86' lang='lat' dir='ltr'><strong>ita</strong></span> <span class='ocrx_word' id='word_1_51' title='bbox 975 997 1212 1056; x_wconf 86' lang='lat' dir='ltr'><strong>dispositis,</strong></span> <span class='ocrx_word' id='word_1_52' title='bbox 1258 1012 1378 1052; x_wconf 87' lang='lat' dir='ltr'><strong>ecce,</strong></span> 
     </span>
     <span class='ocr_line' id='line_1_11' title="bbox 267 1073 1378 1133; baseline 0.002 -17"><span class='ocrx_word' id='word_1_53' title='bbox 267 1073 440 1116; x_wconf 89' lang='lat' dir='ltr'><strong>sublime</strong></span> <span class='ocrx_word' id='word_1_54' title='bbox 483 1073 693 1131; x_wconf 84' lang='lat' dir='ltr'><strong>ingenium</strong></span> <span class='ocrx_word' id='word_1_55' title='bbox 737 1089 938 1123; x_wconf 84' lang='lat' dir='ltr'><strong>summam</strong></span> <span class='ocrx_word' id='word_1_56' title='bbox 986 1089 1124 1118; x_wconf 84' lang='lat' dir='ltr'><strong>rerum</strong></span> <span class='ocrx_word' id='word_1_57' title='bbox 1170 1082 1378 1133; x_wconf 85' lang='lat' dir='ltr'><strong>occupat,</strong></span> 
     </span>
     <span class='ocr_line' id='line_1_12' title="bbox 268 1148 1377 1208; baseline 0.003 -16"><span class='ocrx_word' id='word_1_58' title='bbox 268 1148 426 1192; x_wconf 84' lang='lat' dir='ltr'><strong>vincula</strong></span> <span class='ocrx_word' id='word_1_59' title='bbox 477 1149 622 1193; x_wconf 83' lang='lat' dir='ltr'><strong>mentis</strong></span> <span class='ocrx_word' id='word_1_60' title='bbox 671 1149 876 1193; x_wconf 86' lang='lat' dir='ltr'><strong>humanae</strong></span> <span class='ocrx_word' id='word_1_61' title='bbox 926 1148 1130 1208; x_wconf 84' lang='lat' dir='ltr'><strong>diffringit</strong></span> <span class='ocrx_word' id='word_1_62' title='bbox 1173 1158 1213 1194; x_wconf 88' lang='lat' dir='ltr'><strong>et</strong></span> <span class='ocrx_word' id='word_1_63' title='bbox 1259 1150 1377 1203; x_wconf 87' lang='lat' dir='ltr'><strong>huic,</strong></span> 
     </span>
     <span class='ocr_line' id='line_1_13' title="bbox 268 1225 1378 1284; baseline 0.002 -16"><span class='ocrx_word' id='word_1_64' title='bbox 268 1225 311 1268; x_wconf 89' lang='lat' dir='ltr'><strong>in</strong></span> <span class='ocrx_word' id='word_1_65' title='bbox 344 1225 575 1269; x_wconf 85' lang='lat' dir='ltr'><strong>libertatem</strong></span> <span class='ocrx_word' id='word_1_66' title='bbox 608 1226 843 1279; x_wconf 87' lang='lat' dir='ltr'><strong>restitutae,</strong></span> <span class='ocrx_word' id='word_1_67' title='bbox 876 1242 957 1284; x_wconf 89' lang='lat' dir='ltr'><strong>qua</strong></span> <span class='ocrx_word' id='word_1_68' title='bbox 995 1228 1058 1271; x_wconf 86' lang='lat' dir='ltr'><strong>via</strong></span> <span class='ocrx_word' id='word_1_69' title='bbox 1090 1227 1142 1272; x_wconf 89' lang='lat' dir='ltr'><strong>sit</strong></span> <span class='ocrx_word' id='word_1_70' title='bbox 1176 1227 1378 1272; x_wconf 86' lang='lat' dir='ltr'><strong>inceden-</strong></span> 
     </span>
     <span class='ocr_line' id='line_1_14' title="bbox 269 1302 619 1354; baseline 0.003 -9"><span class='ocrx_word' id='word_1_71' title='bbox 269 1302 393 1354; x_wconf 84' lang='lat' dir='ltr'><strong>dum,</strong></span> <span class='ocrx_word' id='word_1_72' title='bbox 425 1302 619 1347; x_wconf 89' lang='lat' dir='ltr'><strong>ostendit.</strong></span> 
     </span>
    </p>

    <p class='ocr_par' dir='ltr' id='par_1_3' title="bbox 265 1379 1382 2356">
     <span class='ocr_line' id='line_1_15' title="bbox 324 1379 1379 1437; baseline 0.002 -14"><span class='ocrx_word' id='word_1_73' title='bbox 324 1379 574 1436; x_wconf 83' lang='lat' dir='ltr'><strong>Quaeritur,</strong></span> <span class='ocrx_word' id='word_1_74' title='bbox 607 1394 811 1437; x_wconf 86' lang='lat' dir='ltr'><strong>quaenam</strong></span> <span class='ocrx_word' id='word_1_75' title='bbox 856 1380 1004 1424; x_wconf 79' lang='lat' dir='ltr'><strong>fuerint</strong></span> <span class='ocrx_word' id='word_1_76' title='bbox 1045 1395 1186 1433; x_wconf 87' lang='lat' dir='ltr'><strong>arma,</strong></span> <span class='ocrx_word' id='word_1_77' title='bbox 1225 1381 1379 1437; x_wconf 87' lang='lat' dir='ltr'><strong>quibus</strong></span> 
     </span>
     <span class='ocr_line' id='line_1_16' title="bbox 269 1456 1380 1515; baseline 0 -17"><span class='ocrx_word' id='word_1_78' title='bbox 269 1462 424 1499; x_wconf 84' lang='lat' dir='ltr'><strong>tantam</strong></span> <span class='ocrx_word' id='word_1_79' title='bbox 455 1457 820 1500; x_wconf 87' lang='lat' dir='ltr'><strong>commutationem</strong></span> <span class='ocrx_word' id='word_1_80' title='bbox 845 1456 1063 1515; x_wconf 81' lang='lat' dir='ltr'><strong>perficeret</strong></span> <span class='ocrx_word' id='word_1_81' title='bbox 1093 1471 1298 1500; x_wconf 87' lang='lat' dir='ltr'><strong>summum</strong></span> <span class='ocrx_word' id='word_1_82' title='bbox 1324 1457 1380 1498; x_wconf 82' lang='lat' dir='ltr'><strong>il-</strong></span> 
     </span>
     <span class='ocr_line' id='line_1_17' title="bbox 265 1532 1379 1590; baseline 0.002 -16"><span class='ocrx_word' id='word_1_83' title='bbox 265 1532 334 1576; x_wconf 91' lang='lat' dir='ltr'><strong>lud</strong></span> <span class='ocrx_word' id='word_1_84' title='bbox 369 1532 654 1576; x_wconf 83' lang='lat' dir='ltr'><strong>Verulamii</strong></span> <span class='ocrx_word' id='word_1_85' title='bbox 683 1533 903 1590; x_wconf 83' lang='lat' dir='ltr'><strong>ingenium.</strong></span> <span class='ocrx_word' id='word_1_86' title='bbox 963 1534 1069 1577; x_wconf 86' lang='lat' dir='ltr'><strong>Num</strong></span> <span class='ocrx_word' id='word_1_87' title='bbox 1094 1532 1284 1578; x_wconf 83' lang='lat' dir='ltr'><strong>sublimia</strong></span> <span class='ocrx_word' id='word_1_88' title='bbox 1309 1533 1379 1576; x_wconf 83' lang='lat' dir='ltr'><strong>in-</strong></span> 
     </span>
     <span class='ocr_line' id='line_1_18' title="bbox 267 1608 1378 1668; baseline 0.001 -16"><span class='ocrx_word' id='word_1_89' title='bbox 267 1608 429 1652; x_wconf 85' lang='lat' dir='ltr'><strong>terioris</strong></span> <span class='ocrx_word' id='word_1_90' title='bbox 471 1609 684 1666; x_wconf 85' lang='lat' dir='ltr'><strong>cujusdam</strong></span> <span class='ocrx_word' id='word_1_91' title='bbox 723 1609 1015 1668; x_wconf 83' lang='lat' dir='ltr'><strong>philosophi-ae</strong></span> <span class='ocrx_word' id='word_1_92' title='bbox 1049 1609 1257 1668; x_wconf 85' lang='lat' dir='ltr'><strong>principia</strong></span> <span class='ocrx_word' id='word_1_93' title='bbox 1294 1624 1378 1667; x_wconf 90' lang='lat' dir='ltr'><strong>po-</strong></span> 
     </span>
     <span class='ocr_line' id='line_1_19' title="bbox 270 1685 1376 1742; baseline 0.001 -14"><span class='ocrx_word' id='word_1_94' title='bbox 270 1686 427 1729; x_wconf 83' lang='lat' dir='ltr'><strong>nebat?</strong></span> <span class='ocrx_word' id='word_1_95' title='bbox 490 1687 557 1729; x_wconf 91' lang='lat' dir='ltr'><strong>An</strong></span> <span class='ocrx_word' id='word_1_96' title='bbox 589 1685 820 1729; x_wconf 86' lang='lat' dir='ltr'><strong>divinarum</strong></span> <span class='ocrx_word' id='word_1_97' title='bbox 853 1686 1210 1742; x_wconf 87' lang='lat' dir='ltr'><strong>humanarumque</strong></span> <span class='ocrx_word' id='word_1_98' title='bbox 1238 1700 1376 1730; x_wconf 87' lang='lat' dir='ltr'><strong>rerum</strong></span> 
     </span>
     <span class='ocr_line' id='line_1_20' title="bbox 269 1761 1379 1821; baseline 0.001 -16"><span class='ocrx_word' id='word_1_99' title='bbox 269 1761 604 1818; x_wconf 85' lang='lat' dir='ltr'><strong>conjunctionem</strong></span> <span class='ocrx_word' id='word_1_100' title='bbox 640 1762 873 1821; x_wconf 85' lang='lat' dir='ltr'><strong>explicabat</strong></span> <span class='ocrx_word' id='word_1_101' title='bbox 911 1770 974 1812; x_wconf 89' lang='lat' dir='ltr'><strong>et,</strong></span> <span class='ocrx_word' id='word_1_102' title='bbox 1019 1778 1124 1819; x_wconf 92' lang='lat' dir='ltr'><strong>quos</strong></span> <span class='ocrx_word' id='word_1_103' title='bbox 1157 1762 1379 1806; x_wconf 88' lang='lat' dir='ltr'><strong>intellectui</strong></span> 
     </span>
     <span class='ocr_line' id='line_1_21' title="bbox 271 1838 1380 1897; baseline 0.001 -16"><span class='ocrx_word' id='word_1_104' title='bbox 271 1852 347 1881; x_wconf 87' lang='lat' dir='ltr'><strong>suo</strong></span> <span class='ocrx_word' id='word_1_105' title='bbox 378 1838 539 1896; x_wconf 86' lang='lat' dir='ltr'><strong>positos</strong></span> <span class='ocrx_word' id='word_1_106' title='bbox 572 1838 777 1882; x_wconf 87' lang='lat' dir='ltr'><strong>existimat</strong></span> <span class='ocrx_word' id='word_1_107' title='bbox 805 1839 959 1891; x_wconf 84' lang='lat' dir='ltr'><strong>homo,</strong></span> <span class='ocrx_word' id='word_1_108' title='bbox 990 1838 1137 1883; x_wconf 89' lang='lat' dir='ltr'><strong>limites</strong></span> <span class='ocrx_word' id='word_1_109' title='bbox 1167 1839 1380 1897; x_wconf 86' lang='lat' dir='ltr'><strong>propelle-</strong></span> 
     </span>
     <span class='ocr_line' id='line_1_22' title="bbox 266 1914 1380 1960; baseline 0.002 -3"><span class='ocrx_word' id='word_1_110' title='bbox 266 1914 376 1958; x_wconf 86' lang='lat' dir='ltr'><strong>bat?</strong></span> <span class='ocrx_word' id='word_1_111' title='bbox 407 1939 455 1945; x_wconf 84' lang='lat'><em>—</em></span> <span class='ocrx_word' id='word_1_112' title='bbox 489 1914 658 1959; x_wconf 86' lang='lat' dir='ltr'><strong>Minime</strong></span> <span class='ocrx_word' id='word_1_113' title='bbox 689 1930 801 1960; x_wconf 85' lang='lat' dir='ltr'><strong>vero.</strong></span> <span class='ocrx_word' id='word_1_114' title='bbox 835 1938 884 1947; x_wconf 92' lang='lat'><strong>-·-</strong></span> <span class='ocrx_word' id='word_1_115' title='bbox 919 1916 1013 1959; x_wconf 86' lang='lat' dir='ltr'><strong>Non</strong></span> <span class='ocrx_word' id='word_1_116' title='bbox 1040 1915 1284 1959; x_wconf 86' lang='lat' dir='ltr'><strong>acceleravit</strong></span> <span class='ocrx_word' id='word_1_117' title='bbox 1309 1915 1380 1959; x_wconf 90' lang='lat' dir='ltr'><strong>in-</strong></span> 
     </span>
     <span class='ocr_line' id='line_1_23' title="bbox 267 1990 1380 2050; baseline 0.003 -17"><span class='ocrx_word' id='word_1_118' title='bbox 267 1990 376 2048; x_wconf 86' lang='lat' dir='ltr'><strong>genii</strong></span> <span class='ocrx_word' id='word_1_119' title='bbox 412 1992 619 2044; x_wconf 86' lang='lat' dir='ltr'><strong>volatum,</strong></span> <span class='ocrx_word' id='word_1_120' title='bbox 650 1992 723 2035; x_wconf 89' lang='lat' dir='ltr'><strong>sed</strong></span> <span class='ocrx_word' id='word_1_121' title='bbox 764 1992 1004 2037; x_wconf 85' lang='lat' dir='ltr'><strong>retardavit.</strong></span> <span class='ocrx_word' id='word_1_122' title='bbox 1093 1993 1188 2036; x_wconf 77' lang='lat' dir='ltr'><strong>Non</strong></span> <span class='ocrx_word' id='word_1_123' title='bbox 1217 1993 1380 2050; x_wconf 87' lang='lat' dir='ltr'><strong>plumas</strong></span> 
     </span>
     <span class='ocr_line' id='line_1_24' title="bbox 268 2066 1380 2127; baseline 0.004 -19"><span class='ocrx_word' id='word_1_124' title='bbox 268 2066 325 2109; x_wconf 80' lang='lat' dir='ltr'><strong>illi</strong></span> <span class='ocrx_word' id='word_1_125' title='bbox 359 2067 544 2119; x_wconf 89' lang='lat' dir='ltr'><strong>addidit,</strong></span> <span class='ocrx_word' id='word_1_126' title='bbox 577 2068 647 2111; x_wconf 86' lang='lat' dir='ltr'><strong>sed</strong></span> <span class='ocrx_word' id='word_1_127' title='bbox 684 2069 899 2127; x_wconf 88' lang='lat' dir='ltr'><strong>plumbum</strong></span> <span class='ocrx_word' id='word_1_128' title='bbox 935 2076 975 2112; x_wconf 90' lang='lat' dir='ltr'><strong>et</strong></span> <span class='ocrx_word' id='word_1_129' title='bbox 1011 2068 1212 2126; x_wconf 84' lang='lat' dir='ltr'><strong>pondera.</strong></span> <span class='ocrx_word' id='word_1_130' title='bbox 1285 2069 1380 2113; x_wconf 88' lang='lat' dir='ltr'><strong>Non</strong></span> 
     </span>
     <span class='ocr_line' id='line_1_25' title="bbox 268 2141 1381 2199; baseline 0.002 -15"><span class='ocrx_word' id='word_1_131' title='bbox 268 2141 452 2187; x_wconf 84' lang='lat' dir='ltr'><strong>theorias</strong></span> <span class='ocrx_word' id='word_1_132' title='bbox 495 2143 708 2195; x_wconf 80' lang='lat' dir='ltr'><strong>condidit,</strong></span> <span class='ocrx_word' id='word_1_133' title='bbox 767 2143 840 2187; x_wconf 81' lang='lat' dir='ltr'><strong>sed</strong></span> <span class='ocrx_word' id='word_1_134' title='bbox 879 2143 1121 2199; x_wconf 86' lang='lat' dir='ltr'><strong>phantasiae</strong></span> <span class='ocrx_word' id='word_1_135' title='bbox 1158 2142 1381 2186; x_wconf 85' lang='lat' dir='ltr'><strong>vanitatem</strong></span> 
     </span>
     <span class='ocr_line' id='line_1_26' title="bbox 267 2218 1382 2276; baseline 0.004 -16"><span class='ocrx_word' id='word_1_136' title='bbox 267 2218 308 2260; x_wconf 90' lang='lat' dir='ltr'><strong>in</strong></span> <span class='ocrx_word' id='word_1_137' title='bbox 352 2219 618 2276; x_wconf 67' lang='lat' dir='ltr'><strong>explicanda,</strong></span> <span class='ocrx_word' id='word_1_138' title='bbox 646 2227 793 2263; x_wconf 85' lang='lat' dir='ltr'><strong>natura</strong></span> <span class='ocrx_word' id='word_1_139' title='bbox 838 2218 1031 2263; x_wconf 87' lang='lat' dir='ltr'><strong>ostendit.</strong></span> <span class='ocrx_word' id='word_1_140' title='bbox 1120 2219 1215 2262; x_wconf 85' lang='lat' dir='ltr'><strong>Non</strong></span> <span class='ocrx_word' id='word_1_141' title='bbox 1250 2233 1382 2273; x_wconf 79' lang='lat' dir='ltr'><strong>nova,</strong></span> 
     </span>
     <span class='ocr_line' id='line_1_27' title="bbox 268 2294 1380 2356; baseline 0.002 -18"><span class='ocrx_word' id='word_1_142' title='bbox 268 2309 352 2338; x_wconf 85' lang='lat' dir='ltr'><strong>non</strong></span> <span class='ocrx_word' id='word_1_143' title='bbox 392 2295 608 2349; x_wconf 80' lang='lat' dir='ltr'><strong>sublimia,</strong></span> <span class='ocrx_word' id='word_1_144' title='bbox 640 2310 725 2341; x_wconf 89' lang='lat' dir='ltr'><strong>non</strong></span> <span class='ocrx_word' id='word_1_145' title='bbox 759 2296 980 2356; x_wconf 82' lang='lat' dir='ltr'><strong>profunda-</strong></span> <span class='ocrx_word' id='word_1_146' title='bbox 1001 2294 1270 2353; x_wconf 73' lang='lat' dir='ltr'><strong>excogitavit,</strong></span> <span class='ocrx_word' id='word_1_147' title='bbox 1307 2295 1380 2340; x_wconf 88' lang='lat' dir='ltr'><strong>sed</strong></span> 
     </span>
    </p>
   </div>
  </div>
 </body>
</html>
