1492 2896
426 272 794 317 ORATIO.
1116 270 1169 313 13

65 411 159 456 iiter
178 408 487 469 philosophiam
517 409 744 452 docuerunt
772 422 855 451 non
885 407 1017 452 solum
1043 421 1170 466 saga-

68 486 246 540 nissimi,
272 485 346 531 sed
366 485 492 529 etiam
519 483 828 544 prudentissimi
852 483 1172 543 sapientissimi-

69 559 152 621 que
180 562 283 617 viri,
313 577 406 607 cum
439 563 530 616 alii,
560 570 646 606 tum
686 561 996 614 BrowniuS‚
1031 560 1172 606 Ros-

68 640 222 686 sinus
240 672 254 692 ,
303 640 627 684 chnertus.
713 637 913 682 Hennerti
953 637 1173 697 disciplina

64 718 269 777 ‘opti-mum
309 724 348 762 et
385 717 461 760 fuit
500 723 540 761 et
579 730 746 774 semper
790 714 867 759 erit
911 715 1141 775 exemplum
1160 747 1170 765 ‚

68 790 182 851 quod
210 807 354 854 omnes
376 800 601 850 sequantur
616 825 629 846 ‚
656 792 726 849 qui
750 791 954 836 tradenda
977 791 1173 851 philoso-

67 870 169 930 phi-a
196 870 303 915 bene
331 871 482 914 mereri
519 870 568 914 de
604 884 804 927 generosa
838 869 1046 926 juventute
1081 877 1172 913 stu-

69 946 208 992 deant.
271 945 410 990 Missis
439 946 505 990 ille
538 946 843 1005 metaphysicae
881 945 1072 1004 partibus
1102 946 1173 990 in-

69 1019 260 1076 utilibus,
278 1023 489 1081 ontologia
507 1031 546 1066 et
564 1023 837 1080 cosmologia,
858 1023 1172 1082 psychologiam

69 1099 248 1144 maxime
285 1106 326 1144 et
366 1099 641 1158 Theologiam
683 1100 911 1144 naturalem
954 1100 1172 1152 tradebat,

68 1176 169 1221 illud
196 1183 390 1236 spectans
412 1176 610 1229 maxime,
634 1184 700 1229 ut,
721 1177 975 1234 exploranda
992 1177 1172 1222 humana

69 1245 289 1311 divinaque
311 1260 458 1297 natura
478 1283 492 1307 ,
525 1253 726 1310 quidquid
752 1252 905 1298 inesset
931 1254 1176 1300 adolescen-

69 1331 170 1375 tium
207 1330 353 1375 animis
392 1344 637 1389 generosum
676 1344 725 1375 ac
762 1330 966 1384 divinum,
1000 1332 1044 1375 id
1076 1332 1177 1391 apta

69 1408 326 1453 institutione
339 1407 580 1462 suscitaret,
598 1408 749 1460 aleret,
766 1407 1050 1453 confirmaret:
1068 1424 1176 1467 quae

71 1485 249 1530 maxime
263 1484 491 1549 fdisciplina
517 1483 618 1536 viri,
643 1484 695 1527 ad
719 1491 829 1529 recte
853 1485 1050 1529 colendas
1071 1486 1179 1530 doc-

71 1564 203 1608 trinas
228 1576 397 1616 omnes,
436 1562 596 1606 fructus
626 1561 717 1605 tulit
750 1562 999 1608 uberrimos.
1060 1561 1179 1608 Hen-

72 1647 193 1685 nerto
216 1639 318 1698 quid
340 1653 433 1683 cum
461 1638 528 1682 alii
551 1637 769 1682 debuerint
792 1638 898 1683 bene
920 1629 1061 1691 multi,
1088 1646 1174 1684 tum

74 1731 173 1761 vero
206 1716 546 1768 Calkoenius,
579 1715 740 1773 insigne
770 1714 869 1759 illud
895 1723 935 1760 et
963 1715 1177 1761 Leidensis

72 1802 114 1839 et
138 1793 259 1838 huius
286 1793 407 1838 etiam
433 1792 682 1837 Academiae
711 1800 1027 1846 ornamentum,
1054 1801 1176 1852 grato

71 1870 151 1930 ipsi
168 1870 306 1914 animo
322 1870 504 1915 confessi
520 1877 627 1914 sunt.
667 1869 886 1914 Professus
902 1871 1038 1929 palam
1057 1886 1176 1915 surn-

68 1960 162 1990 mus
183 1945 434 1990 Swindenus
457 1953 542 1998 est,
566 1945 636 2001 qui
661 1945 914 1989 Henuertum
942 1947 1021 1991 sibi
1045 1947 1174 1992 exsti-

69 2027 171 2067 tisse
199 2021 433 2082 principem
464 2022 601 2078 ajebat
630 2021 860 2066 studiorum
889 2038 1056 2068 suorum
1092 2025 1175 2069 du-

66 2113 156 2144 cem
181 2106 221 2144 et
244 2107 470 2144 auctorem.

122 2176 282 2225 Natura
305 2175 365 2221 sic
395 2175 660 2220 constitutum
686 2176 870 2221 videmus
885 2209 896 2230 ‚
917 2185 961 2222 ut
979 2178 1061 2223 duo
1080 2194 1172 2227 ma-

66 2254 173 2298 xime
191 2252 272 2298 sint
290 2253 573 2298 doctrinarum
597 2253 781 2305 vincula,
807 2253 987 2299 Historia
1010 2264 1049 2298 et
1069 2256 1173 2300 Phi-

67 2330 275 2390 losophiag
302 2339 475 2387 utraque
505 2346 598 2374 vem
624 2338 663 2374 ut
693 2331 772 2375 vim
798 2331 947 2375 habeat
968 2339 1005 2377 ct
1025 2348 1170 2392 reapse
