1492 2896
270 249 659 290 PHILOSOPHICO
674 271 689 279 —
704 249 1011 289 HisTORICA·.
1149 263 1194 300 41

90 359 178 398 tiosi
217 359 271 397 illi
306 369 372 398 aut
408 359 639 407 formularii,
690 360 816 407 quales
859 360 1030 408 proxima
1069 360 1115 399 ab
1154 361 1201 399 iis

87 428 320 478 temporibus
347 438 461 468 aetate
488 429 655 468 extitisse
681 429 865 478 legimus,
905 430 971 468 sed
998 431 1109 469 rebus
1138 443 1201 481 ge-

87 499 210 537 rendis
244 498 320 537 nati
355 501 554 547 homines,
591 511 677 538 vere
714 499 925 547 sapientes,
961 501 1026 547 qui
1053 502 1199 549 sapien-

86 568 158 607 tiae
183 578 376 618 praecepta
402 570 439 608 in
466 582 574 608 usum
601 570 697 608 vitae
723 565 1010 617 transtulerant,
1048 580 1196 610 naturas

83 651 207 678 rerum
234 648 346 688 atque
372 641 563 678 hominum
590 639 662 678 hoc
691 650 767 677 uno
786 640 945 678 consilio
966 640 1199 690 didicerant,

84 709 118 748 si
147 711 192 749 ad
222 710 404 758 juvandas
443 722 502 749 eas
527 719 590 748 aut
620 710 865 748 emendandas
895 709 1070 749 idoneum
1100 712 1192 760 quid

84 779 294 828 excogitare
328 790 506 829 possent3
540 781 606 829 qui
641 781 755 828 longo
787 780 931 818 tandem
965 792 1086 818 rerum
1125 793 1196 820 usu

85 850 236 888 exerciti
263 859 362 888 erant
390 860 427 887 et
452 851 620 898 subacti,
655 849 1091 899 peregrinationibusque
1115 852 1200 889 lon·

87 919 241 969 ginquis
281 921 464 969 susceptis
507 922 684 958 variarum
725 919 914 958 civitatum
944 928 980 957 et
1007 931 1202 968 rerumpu-

83 990 259 1028 blicarum
284 991 384 1029 bona
409 1002 449 1028 ac
477 992 568 1028 mala
594 990 874 1038 cognoverant”
898 989 992 1040 (ι),
1037 990 1198 1028 Invaluit

82 1068 204 1098 autem
236 1046 498 1108 antiquissimo
537 1071 628 1098 aevo
662 1061 698 1097 in
739 1060 883 1108 legibus
910 1060 1195 1098 conscribendis

83 1130 182 1168 haud
207 1141 289 1167 raro
317 1141 397 1167 mos
415 1157 429 1175 ,
464 1138 507 1167 ut
531 1140 607 1167 non
633 1130 732 1168 nude
762 1139 798 1167 et
825 1131 1043 1177 simpliciter
1064 1132 1201 1168 conde·

83 1210 211 1238 rentur
243 1196 370 1248 leges,
409 1200 718 1248 quemadmodum
754 1199 791 1237 id
820 1207 949 1247 postea
976 1198 1114 1238 factum
1144 1208 1200 1237 est

80 1267 270 1319 ’hodieque
293 1270 402 1309 etiam
431 1270 509 1308 fieri
539 1271 662 1316 solet,
688 1270 754 1308 sed
780 1278 821 1308 ut
846 1270 991 1318 legibus
1010 1272 1198 1320 pr05emia

84 1343 193 1389 quasi
228 1341 267 1378 in
299 1340 656 1378 commendationem
684 1339 1030 1387 praemitterentur,
1057 1341 1196 1388 quibus

81 1411 232 1450 civibus
263 1413 342 1448 suis
377 1410 608 1459 legislatores.-
642 1410 930 1458 persuaderent,
959 1420 999 1448 ut
1025 1413 1200 1459 proposi-

84 1489 140 1517 tas
173 1481 273 1528 leges
297 1489 470 1527 tanquam
494 1468 655 1517 civitatis
680 1492 843 1527 suaeque
869 1481 959 1518 adeo
989 1482 1099 1519 saluti
1128 1482 1201 1520 uti-

85 1550 245 1588 lissimas
282 1550 558 1588 considerarent
584 1552 667 1597 (2).
735 1551 882 1588 Patrum
921 1552 1035 1598 igitur
1070 1563 1202 1600 perso-

82 1631 164 1659 nam
189 1620 423 1669 legislatores
448 1620 500 1657 ini
523 1620 781 1666 sustinebant,
809 1630 954 1668 patrum
978 1622 1094 1660 instar
1108 1634 1199 1661 suos

82 1691 184 1728 cives
229 1690 474 1728 admonebant
504 1699 540 1727 et
581 1691 625 1727 ad
659 1689 781 1740 legum
811 1691 1035 1739 obsequium
1074 1694 1200 1731 horta-

82 1765 231 1805 bantur.
299 1765 471 1804 Probavit
513 1777 621 1812 quam
664 1766 819 1804 maxime
856 1766 1068 1805 institutum
1108 1768 1200 1808 illud

1121 1838 1202 1877 Pla-

125 1934 174 1974 (1)
197 1933 281 1965 Sunt
307 1935 405 1966 verba
435 1935 572 1975 Heynfi,
603 1934 646 1964 V.
668 1935 742 1971 Cl.,
772 1937 890 1976 Opusc.
914 1935 993 1966 Vol.
1019 1937 1048 1967 1.
1072 1948 1106 1976 p.
1129 1940 1200 1970 140.

81 1988 223 2028 Legatur
243 1986 302 2018 hac
323 1988 363 2018 de
384 1999 418 2018 re
439 1989 569 2018 omnino
590 1989 759 2019 Ciceronis
780 1988 871 2020 locus
885 2010 895 2026 ,
920 1990 978 2031 qui
998 1987 1098 2022 estde
1111 1993 1199 2033 Rep.

80 2042 158 2073 Lib.
181 2042 211 2073 1.
231 2053 258 2071 c.
282 2053 312 2073 2.
1103 2043 1106 2047 '

123 2096 171 2136 (2)
196 2095 340 2135 Egerunt
361 2093 395 2124 id
416 2095 575 2134 imprimis
596 2095 752 2126 Zaleucus
773 2099 804 2125 et
827 2094 1014 2127 Charondas
1033 2098 1200 2139 secutique

82 2149 114 2178 iu
141 2149 207 2179 suis
239 2150 277 2179 de
299 2148 446 2189 Legibus
475 2148 759 2189 disquisitionibus
790 2159 899 2185 eorum
916 2150 1098 2190 exemplum
1127 2144 1201 2183 sunt

83 2200 174 2234 Plato
195 2205 227 2232 et
252 2202 370 2233 Cicero
384 2223 393 2238 ‚
419 2212 608 2243 quamquam
628 2203 697 2241 ipse
718 2201 811 2231 Plato
831 2207 926 2242 negat
939 2204 1017 2233 sein
1031 2214 1068 2234 eo
1082 2215 1201 2245 quem-

85 2266 176 2295 quam
196 2266 264 2286 esse
283 2255 443 2286 imitatum
456 2277 465 2292 ‚
492 2257 531 2286 de
544 2257 645 2297 Legg.
667 2256 745 2286 Lib.
770 2256 831 2287 tv,
851 2266 884 2295 p.
900 2266 972 2298 72²·
993 2257 1051 2296 E.;
1073 2270 1137 2299 qua
1159 2260 1200 2292 de

85 2318 119 2339 re
137 2309 201 2340 vid.
223 2309 352 2340 omnino
375 2308 683 2349 fflEngeffironner,
710 2309 773 2340 1.1.
800 2320 833 2349 p.
848 2308 909 2348 54,
931 2310 1004 2350 55„
1031 2312 1078 2343 uti
1104 2314 1200 2355 etiam,

85 2362 170 2408 pleb·-
196 2365 234 2394 de
257 2363 366 2402 Geer,
394 2363 417 2395 l.
433 2363 456 2401 l.
480 2373 514 2404 p.
530 2364 600 2405 174.
