1492 2896
140 1149 245 1211 Est
275 1166 357 1213 hoc
388 1183 415 1212 a
439 1165 740 1213 recentioribus
768 1164 966 1225 Europae
995 1162 1186 1222 gentibus

82 1245 280 1309 prudenti
317 1244 493 1291 consilio
526 1244 783 1296 institutum,
825 1249 871 1286 ut
908 1240 1189 1286 conderentur

74 1324 239 1385 'passim
250 1356 264 1378 ‚
286 1320 555 1368 humanitatis
569 1319 864 1381 provehendae
879 1332 1050 1373 caussa,
1072 1318 1191 1362 Aca-

84 1401 258 1448 demiae.
317 1399 426 1445 Sunt
459 1399 553 1444 illae
586 1397 803 1443 Musarum
833 1395 1130 1455 receptacula,'
1147 1394 1191 1438 in

84 1478 236 1536 quibus
261 1475 525 1522 eruditissimi
551 1475 702 1533 quique
726 1472 804 1518 viri
824 1473 984 1517 artibus
1007 1486 1058 1516 ac
1084 1471 1193 1516 doc-

85 1555 205 1600 trinis
225 1561 338 1600 recte
362 1553 600 1600 excolendis
621 1559 785 1599 vacant.
837 1551 1075 1596 Generosae
1096 1556 1194 1594 sunt

82 1632 305 1691 juventutis
325 1633 556 1691 palaestrae
569 1663 581 1685 ‚
611 1630 655 1674 in
673 1629 825 1687 quibus
843 1642 1034 1673 exercere
1056 1627 1194 1671 facul-

85 1716 192 1754 tates
223 1716 355 1762 suas‚'
382 1708 437 1752 ad
462 1707 706 1767 gravissima
732 1705 928 1750 obeunda
953 1704 996 1748 in
1026 1704 1193 1748 civitate

87 1800 280 1839 munera,
311 1785 486 1830 discunt.
562 1783 668 1836 Sunt
695 1783 793 1827 item
822 1783 865 1825 in
894 1782 998 1825 orbe
1031 1780 1195 1825 literato

90 1862 214 1907 veluti
235 1863 486 1922 metropoles
513 1860 742 1918 quaedam,
774 1874 797 1904 e
826 1858 977 1916 quibus
1002 1858 1197 1914 quicum-

91 1953 199 1996 que,
242 1946 454 1996 tamquam
485 1938 646 1989 coloni,
688 1937 734 1980 in
766 1936 868 1981 alias
896 1933 1111 1993 regiones,
1153 1941 1201 1979 ut

92 2015 258 2074 prosint
293 2015 558 2068 hominibus,
597 2015 897 2066 discesserunt,
937 2026 1199 2056 communem

91 2092 242 2150 singuli
286 2100 460 2136 matrem
493 2106 611 2136 suam
646 2105 724 2150 per
756 2098 888 2135 totam
921 2090 1045 2134 vitam
1081 2088 1202 2147 cogi-

91 2177 206 2224 tant,
254 2170 416 2223 colunt,
463 2176 525 2222 et,
573 2168 607 2212 si
647 2183 714 2212 res
752 2167 810 2211 ita
851 2167 952 2221 fert,
1003 2166 1199 2211 invisunt.

93 2247 191 2305 Quo
217 2246 288 2300 fit,
318 2253 386 2299 ut,
421 2246 464 2289 in
507 2245 696 2289 universa
734 2244 943 2288 hominum
977 2243 1202 2294 societate,

93 2324 253 2368 vincula
287 2323 369 2366 sint
401 2323 676 2375 Academiae,
730 2321 878 2378 quibus
911 2329 952 2365 ut
988 2321 1116 2379 juncti
1158 2320 1199 2363 in
