1492 2896
227 273 616 314 PHILOSOPHICO
627 293 642 303 ·
654 273 736 313 HIS
745 272 961 314 TORICA.
1108 276 1156 314 61

104 386 355 435 Agnoscimus
391 383 497 421 facile
527 382 565 421 in
592 384 696 422 hisce
723 384 933 422 Stoicorum
963 384 1007 421 de
1033 384 1165 421 morali

56 456 223 494 libertate
254 455 472 493 doctrinam.
550 454 636 496 Fuit
678 454 773 492 enim
813 455 884 492 hoc
922 453 1169 492 celebratissi-

60 510 158 564 mum
195 523 276 563 eius
309 534 430 562 sectae
463 524 665 572 placitum,
702 525 815 562 solum
850 527 1048 575 sapientem
1083 523 1172 562 libc-

59 609 168 642 γυνη,
196 595 351 633 stultum
376 607 511 632 omnem
535 607 607 632 esse
633 606 777 632 servum
795 622 808 639 ‚
829 595 931 641 quod
956 594 1168 642 paradoxon
1192 590 1194 595 ’

57 666 216 714 copiose
265 665 475 713 expositum
532 665 630 712 apud
676 663 894 702 Ciceronem
942 664 1169 702 invenimus.

57 737 178 776 Pauca
210 735 354 773 tandem
392 735 478 773 inde
514 733 674 771 delibare
703 734 833 783 juvat,
862 745 955 782 quae
986 734 1030 771 ad
1062 744 1170 782 argu-

62 813 225 843 mentum
251 813 420 842 nostrum
444 803 596 841 uberius
622 804 875 852 explicandum
901 803 1019 842 facere
1042 805 1171 842 viden-

61 885 137 914 tur.
205 874 347 925 „Quid
383 884 440 912 est
471 874 621 912 libertas
633 874 681 911 ‘3'’
710 883 831 922 rogat.
885 874 1091 921 „Potestas
1119 873 1175 911 vi-

63 945 171 983 vendi
206 954 247 982 ut
280 945 390 983 velis.
445 945 542 994 Quis
579 944 691 993 igitur
723 933 846 991 vivit,
881 954 921 982 ut
951 946 1063 992 vult,
1102 943 1177 982 nisi

65 1014 130 1062 qui
161 1023 258 1052 recta
290 1015 486 1063 sequitur,
518 1015 583 1063 qui
614 1016 749 1065 gaudet
773 1015 919 1064 officio,
944 1015 1005 1053 cui
1027 1015 1178 1054 vivendi

62 1083 121 1122 via
141 1084 371 1122 considerata
395 1093 506 1132 atque
534 1071 684 1133 protrisa
712 1086 800 1124 est?
835 1086 899 1133 qui
925 1085 1070 1133 legibus
1092 1086 1177 1133 qui-

63 1151 146 1190 dem
181 1163 258 1191 non
295 1162 449 1201 propter
484 1162 621 1191 metum
655 1163 784 1202 paret,
822 1155 886 1192 sed
917 1166 977 1192 eas
1006 1155 1178 1202 sequitur

62 1231 174 1270 atque
196 1223 314 1269 colit,
354 1224 439 1272 quia
471 1223 508 1261 id
535 1225 693 1262 salutare
726 1224 886 1262 maxime
907 1235 990 1263 esse
1008 1226 1175 1276 jtldicat:

64 1292 130 1340 qui
160 1292 253 1330 nihil
279 1292 397 1340 dicit,
433 1293 529 1332 nihil
558 1292 675 1342 facit,
708 1295 802 1333 nihil
826 1295 966 1345 cogitat
988 1295 1177 1344 denique,

63 1361 136 1400 nisi
162 1362 320 1401 libenter
347 1375 387 1401 ac
422 1364 557 1403 libere:
590 1365 697 1403 cuius
723 1365 845 1404 omnia
868 1365 1022 1404 consilia
1045 1378 1182 1415 resque

66 1443 219 1479 omnes,
242 1445 333 1481 quas
357 1435 470 1482 gerit,
493 1433 539 1471 ab
562 1435 646 1483 ipso
665 1434 956 1484 p'roficiscuntur
974 1437 1179 1485 eodemque

64 1501 260 1541 feruntur:
301 1515 367 1542 nec
400 1513 457 1542 est
494 1505 567 1544 ulla
603 1517 685 1552 res,
715 1518 819 1554 ,quae
855 1508 942 1557 plus
969 1507 1069 1556 apud
1093 1518 1177 1545 eum

65 1574 224 1621 polleat,
262 1586 369 1622 quam
402 1574 523 1623 ipsius
550 1577 725 1615 voluntas
753 1585 865 1624 atque
887 1577 1090 1627 J‘udicium:
1118 1576 1181 1614 cui

67 1644 213 1690 quidem
229 1687 233 1691 J
251 1644 359 1682 etiam
395 1646 515 1695 (quae
540 1646 614 1684 vim
643 1647 778 1685 habere
803 1648 995 1686 maximam
1022 1646 1180 1695 dicitur)

69 1713 234 1752 Fortuna
259 1714 340 1763 ipsa
366 1717 490 1763 cedit,
517 1716 617 1754 sicut
643 1718 792 1765 sapiens
817 1709 930 1766 poi'ita
954 1718 1072 1756 dixit:
1100 1716 1179 1755 suis

69 1793 110 1820 ea
144 1783 281 1830 cuique
314 1784 467 1832 fingitur
499 1785 680 1828 moribus.
745 1787 824 1825 Soli
852 1786 966 1834 igitur
990 1787 1063 1825 hoc
1090 1797 1181 1825 con-

68 1851 178 1899 tingit
200 1853 382 1902 sapienti,
409 1864 450 1892 ut
476 1855 570 1893 nihil
596 1855 706 1894 faciat
729 1856 892 1904 invitus,
920 1856 1016 1894 nihil
1031 1858 1180 1903 dolens,

68 1921 160 1959 nihil
192 1932 359 1962 coactus.
413 1925 526 1974 Quod
562 1926 629 1964 etsi
662 1926 712 1964 ita
743 1938 825 1965 esse
856 1927 1029 1975 pluribus
1056 1926 1182 1965 verbis

69 1992 320 2032 disserendum
358 2004 442 2042 est,
475 1996 567 2034 illud
601 2006 719 2034 tamen
746 2006 782 2035 et
810 1997 922 2036 breve
944 2006 980 2036 et
1002 1997 1183 2036 confiten-

69 2063 154 2102 dum
193 2073 272 2110 est,
311 2065 383 2102 nisi
421 2066 484 2113 qui
525 2066 575 2104 ita
613 2067 662 2104 sit
701 2066 887 2115 affectus,
923 2079 1003 2107 esse
1026 2068 1181 2107 liberum

70 2133 279 2172 nemincm’²
300 2136 382 2184 (ι).

1109 2209 1182 2247 Est

118 2327 162 2366 (ι)
188 2328 257 2360 Cic.
290 2331 417 2359 Pffracl.
448 2329 491 2360 V.
522 2342 549 2361 c.
581 2341 631 2367 1.‚
663 2332 719 2361 ubi
747 2332 835 2362 vidd.
865 2333 1004 2371 Interpr.
1033 2334 1182 2366 Confer-ri

77 2378 168 2409 eiiam
189 2386 328 2410 meretur
351 2381 470 2413 Seneca
495 2383 600 2422 Epist.
624 2384 707 2423 L[.;
729 2385 766 2414 de
789 2391 891 2415 coast.
913 2397 985 2427 sap.
1008 2397 1035 2417 c.
1060 2397 1109 2431 19.
