1492 2896
427 284 812 331 ORATIO.
1121 283 1177 328 47

80 427 195 485 quasi
220 426 552 471 obmutescentes
583 426 816 471 conticuere
845 440 1013 478 omnes,
1045 432 1085 470 et
1113 432 1181 470 ta-

79 505 150 549 citi
167 504 416 548 Academiae
434 504 718 548 auctoritatem
733 535 744 555 ‚
769 510 810 546 et
828 503 1014 561 Pompae
1036 502 1180 561 splen-

76 581 224 626 'dore'm
248 581 575 625 admirabantur.

135 642 245 702 Ecce
273 657 342 701 illa
369 657 616 702 documenta
651 655 852 713 insignia,
895 656 997 700 cura
1019 655 1180 714 Magis-

77 741 210 779 tratus
242 734 363 792 hujus
398 733 531 779 Urbis
560 733 776 787 confecta,
808 732 959 790 quibus
988 733 1181 777 volunta-

77 818 160 856 tem
192 811 236 855 in
274 818 461 856 nostram
488 810 756 855 Academiam
789 811 966 855 maxime
990 824 1180 870 propen-

75 903 164 932 sam
190 888 486 946 significarunt.
510 911 559 919 —
585 888 697 932 Ecce
719 887 876 932 Vexilla
901 902 1026 932 manu
1048 886 1181 934 Sexus

76 965 338 1023 elegantioris
372 964 670 1023 elegantissime
704 971 877 1018 ornata,
920 979 1027 1022 quae
1051 963 1183 1024 ipsius

59 1042 239 1100 momine
282 1042 352 1086 illo
398 1042 464 1086 die
503 1042 726 1086 Studiosae
764 1048 933 1086 nostrae
969 1041 1182 1086 Juventuti

73 1118 239 1163 tradere
269 1117 372 1161 mihi
396 1119 593 1176 contigit,
625 1133 813 1176 quaeque
842 1133 953 1162 nunc
981 1118 1065 1163 hoc
1089 1119 1183 1163 Au-

74 1195 269 1239 ditorium
307 1196 479 1254 egregie>
504 1196 739 1249 adornant,
783 1203 906 1253 atque
933 1196 1056 1254 hujus
1089 1197 1182 1242 festi

72 1271 337 1329 splendorem
376 1271 601 1329 aliquando
638 1273 760 1317 etiam
801 1274 982 1333 posteris
1018 1275 1182 1319 indica-

73 1349 189 1393 bunt.
208 1374 264 1383 —
282 1348 578 1393 Recordemini
603 1350 905 1395 nobilissimum
932 1359 1179 1396 conventum

70 1427 116 1469 in
146 1427 334 1486 Templo
354 1427 476 1484 hujus
501 1427 633 1473 Urbis
660 1428 890 1487 primario,
919 1429 963 1473 in
993 1444 1078 1487 quo
1115 1431 1180 1475 ef—

70 1502 186 1561 figies
215 1494 513 1548 professorum
542 1505 664 1562 hujus
693 1506 943 1551 Academiae
972 1508 1069 1552 olim
1105 1521 1179 1552 ce-

70 1580 386 1624 leberrimorum
408 1581 465 1625 ita
484 1597 708 1641 suspensae
725 1589 765 1627 et
788 1584 1015 1628 collocatae
1034 1592 1177 1639 erant,

71 1665 115 1701 ut
143 1658 392 1702 Academiae
416 1659 615 1717 gloriam,
648 1675 772 1717 quam
805 1660 889 1719 ipsi
917 1668 997 1705 tam
1035 1662 1178 1706 eximie

72 1733 419 1779 confirmaverunt
468 1739 508 1779 et
549 1744 772 1790 auxerunt,
826 1752 936 1781 nunc
973 1746 1116 1783 sancte
1153 1755 1175 1782 a

73 1811 255 1855 Posteris
271 1819 557 1856 conservatam
573 1845 584 1866 ‚
595 1813 678 1871 ipsi
700 1813 820 1869 quasi
837 1822 1078 1871 praesentes
1097 1816 1177 1859 ad—

72 1886 232 1945 spicere
264 1887 522 1943 viderentur3
582 1890 690 1932 inter
742 1905 846 1946 quas
889 1890 1044 1949 effigies
1083 1893 1178 1937 laeti

69 1962 192 2006 etiam
232 1965 551 2023 conspeximus,
595 1973 719 2022 atque
752 1980 863 2009 nunc
897 1954 1180 2027 conspicimus

69 2040 110 2082 in
147 2039 367 2084 Auditorio
407 2048 552 2085 nostro
593 2043 813 2100 imaginem
859 2044 985 2103 Regis
1023 2061 1177 2104 augus-

70 2115 215 2159 tissimi
249 2116 409 2169 nostri,
450 2117 521 2174 qui
559 2119 669 2163 hanc
712 2120 982 2165 Academiam
1014 2123 1177 2168 instan-

70 2193 205 2246 ravit,
237 2194 348 2237 auxit
375 2202 500 2251 atque
526 2204 846 2241 conservaturus
867 2205 942 2242 est.

80 2285 102 2291 ··
127 2268 188 2312 lta
218 2269 403 2313 omnium
436 2271 580 2315 animis
610 2272 800 2326 intentis,
833 2275 980 2318 artium
1013 2277 1177 2322 doctri-

70 2355 298 2402 narumque
349 2361 609 2393 communem
652 2352 938 2409 cognationem
987 2356 1177 2400 confluxu
