1492 2896
296 270 341 308 μ
691 254 1008 305 DISQUISITIO

298 374 337 403 ut
367 371 677 413 praeponerentur
705 364 861 412 singulis
890 363 1061 412 legibus,
1092 364 1226 402 ducum
1254 363 1394 409 instar,

293 434 460 483 singulae
498 432 651 470 virtutes
677 433 759 482 (1).
825 435 884 471 Ex
920 420 997 481 lquo
1037 433 1191 472 efficitur
1223 441 1397 482 oportere

292 504 568 553 legislatorem,
612 505 710 552 leges
743 504 901 549 condat,
958 507 1041 550 „on
1082 507 1161 553 πρὸς
1201 507 1328 554 ἀρετῆς
1359 518 1395 543 τι

292 575 426 624 μόριον,
472 575 531 614 καὶ
575 578 695 614 ταῦτα
736 576 776 614 τὸ
811 574 1040 623 §Decuma-mov
1076 575 1247 622 βλέπων,
1292 574 1396 614 ἀλλὰ

292 648 375 695 πρὸς
399 649 521 686 πᾶσαν
544 644 694 694 οὶρετὴν”
716 643 798 692 (2).
866 643 1079 681 Praesertim
1107 651 1226 680 autem
1255 643 1396 690 legum-

287 717 421 753 latores
464 713 552 751 vitia
597 714 634 751 in
681 712 829 751 civitate
864 711 1033 750 funditus
1070 713 1200 750 tollere
1233 710 1393 759 debent:

289 795 367 823 tum
396 796 528 822 novam
556 783 779 832 reipublicae
801 782 953 820 formam
982 783 1026 820 ad
1050 783 1256 830 exemplum
1283 789 1397 819 aeter-

289 867 358 894 nae
380 854 569 904 justitiae,
599 853 910 901 pulchritudinis,
933 851 1216 900 temperantiae,
1237 850 1398 899 denique

289 925 439 963 virtutis
465 924 514 962 ita
547 923 779 970 describere,
820 933 889 969 ut,
921 924 1100 960 humanae
1132 923 1227 960 vitae
1256 921 1397 960 ratione

289 995 439 1042 habita,
473 1006 548 1033 eam
588 995 743 1033 efficiant
777 995 913 1032 civium
954 994 1235 1049 praestantiam,
1285 1003 1395 1040 quam

289 1064 407 1102 ferant
436 1077 494 1104 res
530 1066 708 1103 humanae
741 1074 778 1103 et
808 1073 937 1113 poscat
964 1063 1179 1112 exemplaris
1205 1062 1321 1101 divini
1346 1061 1396 1099 si-

287 1135 456 1172 militudo
480 1135 563 1183 (3).
1072 1140 1077 1142 ·

341 1204 651 1255 Quandoquidem
688 1204 798 1252 igitur
829 1205 925 1253 leges
949 1205 1176 1251 optimorum
1203 1201 1319 1250 gratia
1341 1200 1398 1239 fe·

289 1284 438 1320 rantur,
469 1274 590 1312 voluit
627 1274 1003 1322 Plato'legislatorem
1038 1274 1074 1311 in
1111 1273 1158 1311 iis
1188 1271 1394 1311 scribendis

287 1355 364 1382 non
404 1344 490 1381 belli
527 1343 680 1381 maxime
720 1344 896 1381 rationem
933 1344 1093 1390 habere,
1125 1345 1189 1382 sed
1223 1344 1324 1393 pacis
1358 1352 1394 1381 et

287 1415 475 1452 amicitiae.
530 1414 610 1451 Nec
645 1413 844 1461 quidquam
868 1413 974 1452 etiam
1003 1414 1149 1452 videtur
1171 1414 1221 1452 rei
1246 1423 1395 1453 naturae

290 1483 618 1521 accommodatius.
666 1483 792 1532 Quum
819 1485 913 1522 enim
935 1484 1113 1522 amicitiae
1136 1483 1290 1522 maxime
1314 1493 1394 1522 stu-

290 1554 351 1591 dio
387 1552 576 1602 conjuncti
611 1553 778 1590 homines
812 1554 1057 1602 civitatesque
1092 1554 1265 1601 deinceps
1296 1563 1397 1592 ortae

293 1623 389 1669 sint,
427 1624 471 1660 ad
507 1623 699 1660 amicitiam
736 1623 832 1659 illam
867 1624 1026 1660 alendam
1054 1623 1243 1670 legislator
1270 1634 1290 1661 e
1316 1624 1395 1662 Pla·

291 1694 391 1731 tonis
434 1693 614 1731 sententia
653 1704 800 1739 operam
840 1692 1024 1739 impendat
1058 1701 1233 1740 oportet;
1274 1703 1396 1740 neque

292 1775 444 1802 munere
479 1775 548 1801 suo
582 1773 636 1800 est
674 1763 806 1811 dignus
845 1762 1061 1808 habendus,
1102 1766 1176 1808 „si
1210 1765 1260 1811 μὴ
1289 1764 1396 1812 χάριν

293 1837 423 1884 εἰρήνης
455 1837 503 1874 τὰ
533 1838 593 1874 τοῦ
619 1835 775 1882 πολέμου
800 1836 974 1882 νομοθετοῖ
994 1837 1134 1880 μᾶλλον
1158 1834 1177 1878 ἢ
1200 1838 1267 1873 τῶν
1290 1843 1397 1873 πολε-

294 1911 401 1952 μικῶν
439 1904 541 1944 ἕνεκα
575 1906 623 1944 ταὶ
659 1909 721 1948 τῆς
763 1903 920 1952 εἷρήνης”
953 1904 1033 1951 (4).
1096 1903 1234 1940 Iccirco
1273 1903 1395 1941 minus

295 1974 502 2021 probandae
537 1973 607 2020 ipsi
642 1973 859 2010 videbantur
892 1974 1126 2011 Cretensium
1159 1975 1280 2021 leges,
1311 1973 1398 2020 quia

1317 2053 1400 2079 llnl·

340 2106 386 2145 (ι)
412 2106 493 2134 Plat.
523 2107 562 2136 de
576 2107 676 2146 Legg.
699 2105 774 2134 Lib.
792 2105 818 2135 I·
844 2116 874 2143 p.
894 2105 963 2135 63¹.
988 2105 1020 2133 Β.
1037 2119 1069 2125 -
1091 2104 1159 2134 632.
1183 2104 1224 2133 D.
1247 2103 1298 2134 Cf.
1321 2103 1399 2134 Lib·

296 2158 362 2189 lli.
391 2169 420 2195 p.
442 2159 512 2188 688·
537 2162 574 2188 A.
600 2170 675 2198 sqq.

339 2212 384 2250 (α)
413 2210 492 2240 maz.
524 2213 561 2239 ae
584 2213 686 2250 [legg.
717 2210 791 2240 Lu..
820 2210 845 2239 ι.
875 2221 907 2249 p.
929 2211 1000 2241 630.
1028 2211 1066 2241 ι).
1103 2209 1164 2240 cn:
1188 2221 1218 2248 p.
1241 2211 1312 2245 630,
1337 2202 1401 2247 (λς’

298 2263 373 2293 Lib.
399 2262 458 2292 [V.
482 2274 512 2301 p.
537 2263 606 2304 705.
633 2264 675 2293 D.
700 2263 759 2300 [⁴23
787 2263 861 2293 Lib.
885 2263 983 2293 VIII.
1005 2274 1037 2301 p.
1059 2263 1130 2293 836.
1157 2264 1197 2293 D.

339 2317 384 2354 (ἦ)
412 2316 490 2345 Pla».
512 2318 549 2345 (le,-
571 2319 653 2355 Hel).
679 2317 749 2345 Lib.
775 2317 835 2347 Vl.
860 2329 890 2355 p.
913 2317 983 2347 500.
1007 2318 1050 2346 D.
1074 2328 1144 2355 sqq.

339 2372 386 2410 (4)
416 2370 502 2399 Plato
524 2372 559 2399 tle
584 2373 681 2410 Lrgg.
707 2370 779 2401 Lib.
806 2372 830 2401 ἶ.
855 2383 883 2408 1³.
907 2372 976 2400 (³2²².
1003 2371 1041 2399 U.
1069 2370 1103 2401 Ε.
