1492 2896
269 255 662 301 PHILOSOPHICO
675 286 692 293 -
706 264 1019 311 HtsTORICA.
1160 289 1210 327 3?

80 360 206 409 gibus.
260 364 503 413 splendidum
537 369 683 411 afferam
722 375 919 417 Ciceronis
954 376 990 418 in
1026 381 1131 422 libris
1157 384 1204 424 de

81 429 244 469 Oratore
269 435 290 482 (
298 433 339 482 1)
364 437 484 475 locum
502 467 515 486 ,
537 441 628 488 qui,
658 456 879 494 quamquam
903 460 981 488 non
1005 452 1050 491 ad
1073 452 1198 493 brevi-

75 500 161 539 tatis
185 513 348 542 normam
375 516 430 545 est
455 518 633 559 exactus,
668 522 790 553 tamen
822 518 867 554 ad
897 520 1022 569 legum
1052 522 1196 563 illarum

70 578 236 610 naturam
272 579 568 623 cognoscendam
606 583 743 621 summi
779 596 862 625 esse
888 592 1066 629 momenti
1092 593 1202 633 vide-·

70 647 144 681 tur.
195 641 253 679 Ibi
283 645 465 685 crassus:
507 675 539 696 „
559 649 647 688 Sive
674 664 786 701 quem
799 655 842 702 ‚’'
878 657 1034 707 inquit,
1074 689 1106 710 ‚‚
1129 674 1195 702 an·

66 709 171 758 tiqua
196 713 317 752 studia
343 717 547 766 delectant,
580 721 739 768 plurima
765 733 825 763 est
855 735 893 764 et
918 727 1084 768 inomni
1105 730 1197 781 jure'

64 778 167 817 civili
188 791 224 819 et
245 782 282 821 in
311 785 537 826 Pontificum
563 789 670 830 libris
696 802 733 831 et
759 793 798 833 in
826 796 899 836 XII
926 798 1065 838 tabulis
1089 801 1186 840 anti-

64 849 220 908 quitatis
242 853 382 902 effigies
400 884 413 904 ‚
451 859 554 905 quod
580 870 619 898 et
645 864 847 903 verborum
868 868 991 915 prisca
1019 879 1186 910 vetustas

61 922 304 968 cognoscitur
341 933 377 963 et
408 926 595 967 actionum
633 942 766 980 genera
798 938 974 984 quaedam
1006 940 1185 989 majorum

59 993 369 1033 consuetudinem
395 996 585 1046 vitamque
617 1001 829 1052 declarant3
877 1006 955 1045 sive
979 1001 1063 1056 quis
1092 1010 1185 1049 civi-

57 1060 128 1098 lem
168 1062 358 1102 scientiam
393 1070 693 1118 contempletur,
732 1095 787 1103 —
822 1085 938 1114 totam
969 1078 1092 1125 hanc,
1119 1081 1182 1118 de-

55 1129 206 1178 scriptis
246 1134 422 1174 omnibus
456 1138 621 1178 civitatis
659 1142 883 1182 utilitatibus
914 1158 954 1185 ac
982 1148 1181 1196 partibus,

57 1198 130 1239 XII
152 1202 289 1242 tabulis
314 1206 498 1245 contineri
524 1209 693 1259 videbit3
729 1213 811 1251 sive
838 1226 947 1261 quem
980 1218 1049 1256 ista
1076 1231 1180 1266 prae·

53 1280 187 1318 potens
214 1283 249 1311 et
273 1275 438 1323 gloriosa
466 1279 706 1328 philosophia
737 1283 919 1332 delectat,
949 1287 1089 1336 (dicam
1112 1302 1178 1328 au·
1221 1309 1225 1315 =

51 1341 180 1381 dacius
194 1343 229 1392 ‚)
269 1345 383 1384 hosce
417 1347 566 1387 habebit
600 1349 725 1389 fontes
760 1355 926 1393 omnium
955 1357 1178 1405 disputatio·

52 1421 142 1450 num
165 1424 340 1463 suarum,
366 1417 432 1465 qui
452 1419 536 1467 J’ure
560 1420 660 1458 civili
688 1432 724 1459 et
748 1423 896 1471 legibus
918 1428 1172 1467 continentur.

50 1482 111 1520 Ex
138 1481 197 1521 his
225 1485 319 1522 enim
349 1495 386 1524 et
417 1487 631 1534 dignitatem
668 1494 822 1530 maxime
851 1498 1089 1543 expetendam
1123 1500 1176 1537 vi-

49 1550 179 1590 demus
197 1580 210 1599 ,
242 1566 358 1602 quum
389 1562 529 1606 verus,
560 1560 688 1608 justus
715 1572 828 1610 atque
854 1565 1039 1605 honestus
1067 1569 1172 1607 labor

47 1621 282 1670 honoribus,
321 1627 527 1676 praemiis,
569 1632 772 1678 splendore
811 1634 1033 1684 decoratur,
1079 1639 1168 1678 vitia

45 1700 165 1729 autem
189 1693 380 1733 hominum
406 1706 517 1745 atque
548 1698 696 1738 fraudes
721 1703 863 1741 damnis
881 1732 894 1750 ‚
924 1707 1166 1756 ignominiis,

46 1759 233 1809 vinculis,
275 1765 523 1812 verberibus,
561 1769 734 1817 exsiliis,
779 1783 898 1811 morte
937 1777 1163 1827 multantur3

44 1837 82 1867 et
116 1831 291 1870 docemur
325 1845 402 1872 non
437 1835 595 1875 infinitis
622 1843 1019 1893 concertationumque
1045 1848 1166 1895 plenis

44 1899 362 1949 disputationibus
380 1933 393 1950 ‚
443 1907 509 1943 sed
559 1910 780 1948 auctoritate
832 1922 1004 1962 nutuque
1038 1919 1162 1969 Iegtun

44 1970 203 2009 domitas
235 1973 368 2011 habere
404 1974 598 2023 libidines,
626 1982 797 2018 coercere
825 1994 954 2023 omnes
980 1987 1165 2035 cupidita-

45 2049 125 2089 teS,
152 2051 279 2081 nostra
308 2045 432 2091 tueri,
467 2046 514 2083 ab
542 2048 670 2087 alienis
698 2059 838 2089 mentes
857 2081 869 2098 .‚
897 2057 1056 2104 oeulos,
1085 2071 1162 2097 ma-

41 2120 116 2150 nus
142 2111 337 2155 abstinere.
404 2115 575 2157 Fremant
600 2129 728 2158 omnes
758 2121 868 2169 licet,
905 2124 1020 2164 dicam
1054 2132 1158 2176 quod

1075 2210 1159 2237 scn-

87 2300 134 2342 (ι)
154 2301 232 2334 Lib.
261 2303 289 2335 1.
316 2315 343 2335 c.
372 2306 433 2346 43,
459 2307 510 2339 44.
554 2309 615 2341 cfr.
637 2312 774 2351 denual).
799 2313 875 2345 Lib.
900 2316 945 2348 11.
967 2329 995 2349 c.
1020 2319 1080 2358 36,
1103 2322 1158 2363 ΞΤ.

43 2351 117 2385 Liv.
138 2354 197 2388 hl.
221 2368 249 2390 c.
265 2358 333 2398 34.;
361 2359 467 2394 Tacit.
494 2363 586 2395 Arm.
607 2364 684 2395 Lib.
710 2365 774 2398 111.
800 2379 829 2399 c.
852 2379 905 2410 27.
