1492 2896
388 245 907 295 INTROITU'S.
1185 273 1207 310 3

85 373 242 412 quoque
279 371 513 401 accesserunt
538 363 641 401 ‘olim
672 364 830 403 familiae
864 373 902 404 et
940 365 1061 404 tribus
1096 377 1204 408 sacro

88 434 154 472 illo
181 432 333 471 vinculo
355 433 400 471 ad
420 434 723 483 conjunctionem
749 443 785 472 et
809 439 1039 475 societatem.
1073 435 1205 487 Quum

87 512 207 543 autem
239 503 377 542 sensim
400 506 457 543 ‘ad
486 507 659 554 majorem
688 505 825 554 ingenii
852 507 993 545 cultum
1023 517 1206 555 pervene-

81 580 193 621 rant,
222 582 302 612 tum
332 574 433 622 quod
460 576 564 622 prius
591 583 807 624 peregerant
833 583 983 615 naturae
1009 576 1201 627 impulsu,

78 643 136 682 fid·
158 643 328 684 fecerunt
368 644 512 681 tandem
551 644 705 682 rationis
739 645 856 683 ductu
891 645 1131 695 mentisque,
1158 656 1202 687 ut

77 713 158 764 ipsi
177 714 374 753 'societatis
406 714 532 752 studio
559 714 740 763 imprimis
774 716 1074 764 obsequerentur
1099 726 1136 756 et
1155 718 1203 757 ad

78 779 567 832 civilem'·-conjunctionem
603 795 688 825 sese
722 785 948 833 applicarent
976 785 1062 836 (1).
1128 788 1203 827 Sed

78 853 187 902 juvat
210 853 299 891 haec
319 852 535 892 <accuratius
561 854 763 892 attendere.
829 893 832 897 ,

76 941 89 943 -Ᾰ
125 922 455 973 Quemadmodum
499 923 672 962 universe
690 926 737 963 :in
758 924 960 965 humanam
985 927 1200 970 societatem

77 992 274 1031 maximam
299 1003 466 1032 exserere
495 993 571 1031 vim
601 994 699 1033 solet
718 995 853 1038 mir-um
876 996 996 1044 illud,
1021 1009 1100 1046 quo
1122 996 1202 1037 fete

74 1057 211 1101 omnes
234 1061 431 1109 ducimur,
459 1063 639 1101 amicitiae
664 1072 702 1102 et
723 1064 912 1105 societatis
938 1066 1132 1117 studium,
1149 1068 1202 1106 ita

78 1142 120 1170 m
140 1132 296 1170 ¹civilem
316 1144 478 1181 quoque
505 1133 697 1172 hominum
732 1135 1037 1184 conjunctionem
1063 1146 1202 1177 tantam

78 1201 278 1250 aliquando
317 1202 574 1241 auctoritatem
613 1204 826 1243 exercuisse
865 1206 1041 1255 videtur,
1075 1217 1120 1247 ut
1146 1218 1206 1247 re-

78 1272 157 1321 peti
180 1270 526 1321 inderantiquarum
554 1273 748 1311 civitatum
781 1275 887 1323 origo
914 1284 951 1315 et
977 1277 1203 1317 incrementa

77 1340 208 1381 moitis
230 1342 404 1390 partibus
430 1342 595 1391 possint.
649 1343 758 1386 Licet
793 1346 890 1384 enim
923 1347 1030 1394 plura
1057 1348 1131 1397 iam
1154 1348 1201 1387 ab

80 1408 245 1460 ani-ziquis
282 1423 533 1451 memorentur
560 1413 753 1452 civitatum
781 1413 913 1462 initia,
941 1428 1010 1465 per
1035 1429 1076 1455 se
1100 1418 1203 1456 haud

77 1483 286 1530 spernenda
313 1484 409 1533 (2),
450 1484 510 1520 vel
547 1484 601 1520 sic
639 1493 758 1522 tamen
787 1484 926 1524 visua
952 1495 1096 1525 tantum
1120 1498 1203 1529 'non

79 1553 256 1592 destituta
280 1552 402 1591 fuisse
435 1553 629 1592 videantur
645 1583 658 1601 ‚
688 1555 762 1592 nisi
788 1556 1007 1595 accessisset
1033 1556 1202 1596 studium

79 1619 421 1670 illudsocietatis,
458 1620 735 1662 'communionis
763 1634 798 1662 et
824 1625 1030 1674 amicitiae,
1058 1626 1204 1666 homini

77 1695 217 1731 fnatura
254 1693 447 1741 proprium
486 1702 522 1731 et
561 1695 676 1732 veluti
705 1695 869 1734 innatum
887 1724 901 1744 ,
930 1698 1033 1744 quod
1058 1698 1205 1736 scilicet

1142 1768 1206 1805 vei

128 1843 176 1884 (1)
200 1843 281 1876 vid.
313 1844 442 1874 omuino
465 1843 524 1875 CI.
554 1854 613 1875 van
644 1843 772 1875 Heusde
783 1863 794 1882 ,
825 1845 944 1875 D'z'atr.
973 1847 1009 1876 in
1040 1842 1110 1879 Civ'.
1130 1852 1206 1879 ant·

80 1907 119 1937 1³·
142 1909 173 1930 2·
195 1908 268 1937 sqq·
297 1927 303 1930 -
1025 1915 1028 1916 ’
1052 1943 1056 1946 ,

128 1951 178 1992 (2)
190 1950 361 1981 -Memorat
388 1961 421 1981 v.
447 1961 476 1980 c.
506 1949 596 1979 Plato
623 1950 844 1990 indigentiam
855 1971 865 1988 ,
893 1952 932 1982 de
955 1953 1038 1993 Rep.
1054 1946 1131 1987 Lib.
1156 1953 1205 1985 Π.

85 2016 120 2044 p.
135 2005 207 2046 569.
227 2005 264 2035 B.
277 2026 286 2041 ,
315 2006 352 2034 de
372 2005 474 2045 Legg.
501 2003 579 2035 Lib.
606 2003 673 2033 ΙΙΙ.
700 2003 771 2033 680.
793 2003 857 2042 D.;
883 2004 1038 2044 Polybius
1064 2006 1208 2037 hominis

88 2057 352 2088 imbecillitatem
363 2079 372 2094 ,
395 2056 472 2087 Lib.
487 2054 554 2088 Vl.
576 2067 604 2087 c.
624 2055 663 2094 55
684 2055 801 2086 Cicero
813 2057 989 2088 utilitatis
1001 2069 1090 2100 spem
1103 2065 1138 2090 et
1148 2064 1210 2091 *ee-

83 2111 249 2142 ueritatis
262 2131 270 2147 ,
289 2112 326 2140 de
342 2111 405 2150 Off'.
427 2110 506 2142 Lib.
523 2110 572 2144 11.
588 2120 616 2140 c.
633 2119 683 2140 21.
721 2110 944 2140 Imbecillitati
958 2115 1061 2142 autem
1076 2116 1108 2142 et
1121 2113 1209 2144 vitae

90 2163 270 2194 necessitati
292 2167 440 2203 tanquam
455 2164 560 2195 civilis
573 2162 736 2193 societatis
749 2163 852 2193 initiis
864 2164 1050 2195 adversatur
1065 2165 1183 2198 Cicero
1195 2189 1207 2206 ,

85 2217 130 2246 ‘de
142 2218 227 2257 Rep.
242 2211 365 2247 Lib.31.
388 2227 416 2247 e.
438 2216 488 2247 25.
500 2238 509 2253 ‚
533 2218 570 2247 de
590 2217 653 2257 Offi
666 2216 743 2247 Lib.
758 2217 785 2247 l.
800 2227 829 2247 c.
843 2218 896 2249 44.
908 2239 918 2254 ‚
939 2219 996 2258 qui
1009 2223 1124 2250 contra
1142 2221 1209 2253 vim

95 2266 200 2300 laudat
217 2269 276 2300 hac
298 2271 332 2299 in
355 2280 390 2299 re
406 2271 665 2311 philosophiae,
692 2272 789 2301 Tusc.
809 2272 946 2313 Quae-st.
965 2272 1035 2303 Lib.
1052 2272 1096 2304 V.
1109 2284 1139 2305 c.
1153 2285 1185 2307 2·
1197 2296 1208 2313 ,

97 2325 130 2352 et
144 2324 348 2364 eloquentiae
359 2343 370 2360 ‚
391 2324 429 2353 de
453 2326 549 2354 Orat.
567 2322 644 2353 Lib.
660 2324 688 2354 1.
705 2334 733 2354 c.
749 2325 781 2356 8.
795 2345 803 2360 ,
829 2325 869 2354 de
882 2326 958 2355 Ino.
972 2325 1051 2357 Lib.
1067 2326 1098 2357 Ι.
1113 2338 1142 2359 c.
1155 2338 1208 2367 2.;

97 2374 136 2405 de
147 2385 208 2416 quo
226 2376 290 2406 vid.
304 2375 526 2407 Mitscherlich
541 2376 580 2406 ad
597 2377 710 2406 Horat.
732 2378 840 2408 Carm.
854 2376 932 2408 Lib.
946 2377 975 2409 1.
991 2378 1056 2411 od.
1071 2390 1121 2411 ιο.
1136 2381 1209 2412 init.

630 2439 715 2475 A2
