1492 2896
467 260 857 307 ORATIO.
1196 259 1249 303 15

129 416 186 446 ro
200 400 270 458 *),
291 406 380 445 tota
406 399 494 444 fere
511 395 788 456 Philosophia
815 398 1082 453 Hegeliana
1105 409 1252 440 versa-

128 493 221 542 tur3
250 485 326 531 sed
365 499 416 529 ex
459 483 547 541 ejus
587 481 740 541 agendi
783 481 968 536 ratione,
999 479 1132 538 qualis
1172 480 1251 534 sit,

127 569 268 615 efficit.
361 567 582 644 Modestus
613 574 676 611 est
705 572 746 610 et
776 566 968 619 sobrius,
1013 579 1092 610 nec
1119 564 1253 624 pudet

127 669 247 708 eum,
277 652 379 698 illud
408 669 496 696 non
521 654 668 710 liquet
706 664 834 710 saepe
868 650 913 693 in
955 663 1029 694 ore
1067 649 1251 704 habere,

127 745 193 792 et,
226 751 482 796 quamquam
525 748 613 779 non
656 735 838 780 fateatur
876 748 972 779 cum
1004 732 1252 787 Socjrate‚

125 822 230 866 nihil
259 837 304 868 se
332 821 464 876 scire,
497 818 578 864 nisi
601 818 687 864 hoc
713 833 870 875 unum,
897 817 1001 862 nihil
1043 832 1089 863 se
1122 818 1253 872 scire,

126 908 321 953 lubenter
341 914 484 952 tamen
509 905 738 950 exclamat:
769 912 993 963 quantum
1022 911 1115 957 est,
1135 906 1258 962 quod

126 994 379 1036 nescimus!
457 988 584 1049 Cupit
616 996 755 1033 autem
790 987 835 1031 in
864 986 1012 1047 primis
1039 985 1255 1031 hominem

128 1087 413 1134 cognoscere,
444 1087 694 1132 semperque
717 1071 983 1131 praeclarum
1004 1071 1109 1116 illud
1133 1072 1256 1129 γνῶθι

127 1159 299 1205 σεαυτὸν
328 1163 424 1202 ante
452 1156 599 1201 oculos
623 1153 705 1201 sibi
732 1167 917 1216 ponens,
948 1169 1054 1214 prae
1080 1154 1256 1200 caeteris

127 1243 323 1288 omnibus
358 1256 404 1286 se
437 1240 577 1301 ipsum
609 1253 866 1299 cognoscere
892 1240 1047 1288 studet.
1107 1240 1256 1299 Itaque

129 1327 312 1373 animum
342 1326 524 1372 maxime
555 1332 747 1386 spectat,
777 1325 823 1370 in
857 1340 992 1384 eoque
1029 1334 1074 1369 et
1104 1326 1258 1386 explo-

128 1412 291 1464 rando,
321 1421 367 1455 et
394 1411 449 1456 ad
484 1410 574 1456 veri
607 1409 890 1470 cognitionem
921 1410 1114 1455 acuendo
1141 1416 1257 1455 totus

127 1504 344 1551 versatur,
384 1503 431 1540 ut
466 1494 661 1554 indaget,
702 1492 805 1553 quid
831 1494 958 1549 boni,
988 1493 1169 1552 malique
1198 1493 1257 1538 illi

129 1581 252 1636 insit,
281 1580 467 1638 illudque
491 1579 631 1625 firmet
654 1587 696 1625 et
716 1586 887 1639 augeat,
915 1577 1000 1624 hoc
1023 1592 1127 1624 vero
1154 1592 1258 1623 cor-

130 1666 241 1724 rigat
268 1672 308 1710 et
341 1664 548 1710 emendet.
617 1664 694 1709 Est
724 1663 833 1709 enim
861 1663 950 1722 ejus
977 1663 1258 1723 Philosophia

134 1754 323 1794 cultura
363 1749 514 1803 animi,
557 1749 738 1808 finisque
778 1749 972 1802 ultimus,
1018 1763 1142 1807 quem
1175 1748 1258 1793 sibi

133 1833 362 1892 proponit,
393 1834 414 1887 ἦ
448 1834 632 1890 ὁμοίωσις
663 1833 722 1892 τῷ
753 1833 862 1892 Θεῷ.
925 1833 994 1877 Ad
1031 1833 1145 1877 hunc
1179 1848 1261 1879 au-

135 1926 219 1963 tem
251 1918 377 1962 finem
413 1932 500 1962 non
537 1917 672 1962 tendit
710 1919 1025 1971 Mysticorum
1067 1917 1260 1973 ratione,

135 2001 275 2047 sensui
308 2008 350 2045 et
380 2000 601 2061 speciebus
631 2000 913 2061 indulgendo,
955 2003 1031 2048 sed
1066 2002 1261 2062 discipli-

135 2101 282 2132 narum
298 2118 310 2140 ‚
339 2085 534 2145 inprimis
561 2086 650 2131 veri
677 2085 840 2141 studio,
871 2100 1009 2145 neque
1039 2086 1258 2132 hominum

139 2186 184 2216 se
223 2171 419 2216 subducit
458 2171 672 2226 societati,
703 2171 779 2217 sed
807 2186 887 2233 per
915 2172 1019 2218 alios
1048 2187 1179 2231 aeque
1208 2188 1258 2219 ac

187 2365 218 2404 *)
242 2365 284 2397 V.
308 2369 371 2406 ejus
394 2368 448 2397 lib.
471 2368 554 2398 laud.
573 2379 639 2409 pag.
653 2371 703 2400 45.
