1492 2896
272 282 299 322 6
523 281 612 326 PH.
645 281 695 325 G.
730 294 830 324 vAN
862 279 1121 331 HEUfflAE,

330 414 463 471 Aegre
492 412 703 469 equidem,
735 414 982 467 Auditores,
1013 421 1052 457 et
1077 414 1205 458 ferme
1227 414 1377 459 invitus

275 489 317 532 in
346 489 455 533 hunc
485 490 622 534 locum
651 490 706 534 ad
732 490 951 535 dicendum
983 490 1160 535 escendi.
1225 490 1377 536 Dicere

277 567 358 611 hoc
395 567 461 611 die
499 567 747 612 Academiae
789 568 895 612 festo
936 566 1159 626 Heringam
1182 599 1195 622 ‚
1235 582 1374 613 senem

275 643 571 696 venerabilem,
601 644 681 688 nisi
705 645 895 689 valetudo
916 644 1221 703 impedivisset,
1242 658 1380 704 opor-

275 727 432 774 tuerat,
457 721 614 779 quippe
639 729 847 766 oratorem
874 723 1154 780 praeclarum,
1184 722 1380 766 eundem-

276 813 356 854 que
386 797 637 842 Academiae
665 806 834 843 nostrae
865 799 980 842 omni
1012 806 1226 857 tempore,
1262 798 1380 857 peri-

275 874 534 918 culosissimo
561 875 705 929 etiam,
732 874 938 919 vindicem
962 889 1011 920 ac
1032 882 1245 921 statorem.
1286 875 1379 934 Ego

275 964 393 1003 vero,
424 951 494 1007 qui
519 951 673 1009 pietate
701 965 799 1008 erga
823 952 954 995 virum
978 966 1184 996 summum
1211 951 1380 1004 ductus,

275 1026 440 1070 dicendi
467 1042 614 1071 munus
645 1028 835 1087 suscepi,
873 1043 949 1072 nec
980 1036 1125 1072 orator
1152 1043 1269 1082 sum,
1304 1043 1381 1074 nec

275 1118 456 1159 unquam
484 1118 567 1162 pro
599 1111 714 1148 tanta
742 1105 1059 1148 lectissimorum
1093 1105 1277 1149 virorum
1302 1119 1381 1148 co—

276 1194 379 1223 rona
411 1181 536 1223 verba
567 1180 658 1226 feci.
720 1181 775 1224 Et
802 1182 988 1238 quamvis
1019 1189 1155 1226 vestra
1181 1183 1224 1225 in
1251 1182 1381 1226 ‘beni-

276 1256 453 1300 volentia
490 1257 752 1313 acquiescam
786 1265 924 1310 totus,
955 1258 999 1301 id
1027 1273 1105 1316 ego
1133 1267 1173 1303 et
1197 1258 1318 1303 vobis
1341 1266 1382 1303 et

277 1333 373 1376 huic
397 1333 644 1378 solemnitati
668 1341 706 1378 et
731 1350 828 1378 vero
855 1335 954 1378 mihi
978 1336 1136 1389 debeo,
1161 1343 1205 1380 ut
1226 1336 1277 1380 de
1298 1336 1381 1380 hoc

275 1410 368 1453 loco
416 1424 500 1452 non
550 1425 723 1469 prorsus
775 1426 868 1455 cum
916 1413 1121 1457 dedecore
1165 1412 1378 1458 decedam.

275 1486 449 1530 Accedit
491 1487 672 1544 gravitas
715 1488 1016 1546 difficultasque
1055 1490 1236 1549 negotii,
1279 1490 1381 1534 mihi

276 1577 359 1605 non
388 1562 547 1621 exigua.
592 1565 866 1609 lnstauranda
890 1567 1013 1611 nobis
1032 1567 1159 1612 hodie
1181 1569 1380 1612 memoria

276 1637 456 1682 virorum
489 1647 574 1691 est,
611 1641 681 1697 qui
710 1641 752 1684 in
782 1658 858 1686 suo
885 1644 1038 1701 quique
1064 1645 1280 1689 doctrinae
1303 1661 1379 1703 ge-

274 1728 371 1759 nere
387 1717 630 1760 excellentes
643 1749 653 1769 ‚
670 1727 873 1762 ornarunt
891 1721 1158 1765 Academiam
1175 1730 1378 1768 nostram.

272 1791 365 1849 Ego
393 1807 492 1836 vero
526 1795 675 1837 nullam
708 1795 805 1839 data
835 1811 964 1855 opera
995 1798 1226 1843 doctrinam
1264 1807 1380 1844 trac—-

271 1869 377 1912 tavi:
416 1876 632 1913 contentus
664 1871 748 1923 fui,
781 1872 816 1916 si
845 1874 1060 1917 tractanda
1093 1874 1380 1932 tradendaque

273 1959 365 1989 cum
392 1945 564 1990 historia
587 1953 627 1990 et
652 1947 943 2007 philosophia,
970 1957 1056 1994 tum
1079 1966 1179 1995 vero
1201 1953 1381 1997 maxime

272 2020 538 2066 humanitatis
574 2023 788 2083 disciplina
807 2058 818 2077 ‚
849 2027 902 2070 ad
931 2028 1128 2072 colendas
1165 2020 1380 2074 doctrinas

269 2112 564 2156 praepararem
594 2100 786 2157 juvenum
824 2103 1011 2158 animos,
1046 2112 1091 2148 ut
1125 2112 1165 2148 et
1197 2105 1313 2163 ipsas
1340 2114 1380 2151 et

212 2186 214 2190 ¹
267 2181 450 2217 mutuam
474 2190 614 2220 earum
639 2179 972 2235 conjuncfionem
1000 2195 1050 2225 ac
1072 2183 1194 2226 veluti
1217 2196 1379 2241 cogna-

268 2249 421 2294 tionem
466 2251 546 2295 hac
587 2261 726 2297 tenera
769 2255 851 2311 jam
897 2265 1029 2301 aetate
1072 2259 1373 2317 perspicerent.

268 2325 351 2370 Sed
389 2342 487 2385 age,
530 2329 598 2373 ubi
639 2332 774 2375 facere
807 2346 891 2377 non
928 2334 1045 2387 licet,
1078 2335 1190 2391 quod
1227 2338 1375 2389 velim,
