<?xml version="1.0" encoding="UTF-8"?>
<!DOCTYPE html PUBLIC "-//W3C//DTD XHTML 1.0 Transitional//EN"
    "http://www.w3.org/TR/xhtml1/DTD/xhtml1-transitional.dtd">
<html xmlns="http://www.w3.org/1999/xhtml" xml:lang="en" lang="en">
 <head>
  <title>
</title>
<meta http-equiv="Content-Type" content="text/html;charset=utf-8" />
  <meta name='ocr-system' content='tesseract 3.04.00' />
  <meta name='ocr-capabilities' content='ocr_page ocr_carea ocr_par ocr_line ocrx_word'/>
</head>
<body>
  <div class='ocr_page' id='page_1' title='image "annalesacademiae36acad_0385.png"; bbox 0 0 1492 2896; ppageno 0'>
   <div class='ocr_carea' id='block_1_1' title="bbox 246 232 1173 320">
    <p class='ocr_par' dir='ltr' id='par_1_1' title="bbox 246 232 1173 320">
     <span class='ocr_line' id='line_1_1' title="bbox 246 232 1173 320; baseline 0.012 -24"><span class='ocrx_word' id='word_1_1' title='bbox 246 232 983 304; x_wconf 54' lang='lat' dir='ltr'>‘PHILOSOPHICO-HrsToRICA.</span> <span class='ocrx_word' id='word_1_2' title='bbox 1123 279 1173 320; x_wconf 73' lang='lat'>49</span> 
     </span>
    </p>
   </div>
   <div class='ocr_carea' id='block_1_2' title="bbox 43 367 1170 2437">
    <p class='ocr_par' dir='ltr' id='par_1_2' title="bbox 43 367 1170 2437">
     <span class='ocr_line' id='line_1_2' title="bbox 57 367 1170 428; baseline 0.013 -23"><span class='ocrx_word' id='word_1_3' title='bbox 57 369 102 411; x_wconf 82' lang='grc' dir='ltr'>ὥς</span> <span class='ocrx_word' id='word_1_4' title='bbox 127 367 144 406; x_wconf 84' lang='lat'>0‘</span> <span class='ocrx_word' id='word_1_5' title='bbox 167 367 218 414; x_wconf 75' lang='grc' dir='ltr'>μη</span> <span class='ocrx_word' id='word_1_6' title='bbox 254 367 469 414; x_wconf 75' lang='grc' dir='ltr'><em>δουλεύσας,</em></span> <span class='ocrx_word' id='word_1_7' title='bbox 504 370 578 409; x_wconf 80' lang='grc' dir='ltr'>οὐδ</span> <span class='ocrx_word' id='word_1_8' title='bbox 609 371 655 410; x_wconf 66' lang='grc' dir='ltr'>ἂν</span> <span class='ocrx_word' id='word_1_9' title='bbox 693 372 865 420; x_wconf 71' lang='grc' dir='ltr'>δεσπότης</span> <span class='ocrx_word' id='word_1_10' title='bbox 901 376 1035 423; x_wconf 72' lang='grc' dir='ltr'><em>γένοιτο</em></span> <span class='ocrx_word' id='word_1_11' title='bbox 1071 379 1170 428; x_wconf 71' lang='grc' dir='ltr'><em>ἄξιος</em></span> 
     </span>
     <span class='ocr_line' id='line_1_3' title="bbox 57 435 1167 491; baseline 0.015 -18"><span class='ocrx_word' id='word_1_12' title='bbox 57 435 215 475; x_wconf 60' lang='lat' dir='ltr'>gxaelvou·</span> <span class='ocrx_word' id='word_1_13' title='bbox 246 436 306 476; x_wconf 71' lang='grc' dir='ltr'>καὶ</span> <span class='ocrx_word' id='word_1_14' title='bbox 339 439 627 488; x_wconf 68' lang='grc' dir='ltr'><strong><em>καλλωπίζεσθαι</em></strong></span> <span class='ocrx_word' id='word_1_15' title='bbox 662 443 732 490; x_wconf 72' lang='grc' dir='ltr'>χρη</span> <span class='ocrx_word' id='word_1_16' title='bbox 765 445 813 490; x_wconf 74' lang='grc' dir='ltr'>τῷ</span> <span class='ocrx_word' id='word_1_17' title='bbox 838 450 956 491; x_wconf 69' lang='grc' dir='ltr'><strong><em>καλῶς</em></strong></span> <span class='ocrx_word' id='word_1_18' title='bbox 982 449 1167 490; x_wconf 71' lang='grc' dir='ltr'><em>δουλεῦσαι</em></span> 
     </span>
     <span class='ocr_line' id='line_1_4' title="bbox 53 507 1166 567; baseline 0.016 -24"><span class='ocrx_word' id='word_1_19' title='bbox 53 507 196 551; x_wconf 67' lang='grc' dir='ltr'><em>μᾶλλον</em></span> <span class='ocrx_word' id='word_1_20' title='bbox 229 507 249 552; x_wconf 79' lang='grc' dir='ltr'>ἢ</span> <span class='ocrx_word' id='word_1_21' title='bbox 283 508 332 556; x_wconf 76' lang='grc' dir='ltr'>τῷ</span> <span class='ocrx_word' id='word_1_22' title='bbox 372 513 489 552; x_wconf 64' lang='grc' dir='ltr'><strong><em>καλῶς</em></strong></span> <span class='ocrx_word' id='word_1_23' title='bbox 526 508 647 558; x_wconf 70' lang='grc' dir='ltr'><em>ἄρξαι·</em></span> <span class='ocrx_word' id='word_1_24' title='bbox 675 515 809 560; x_wconf 72' lang='grc' dir='ltr'><em>πρῶτον</em></span> <span class='ocrx_word' id='word_1_25' title='bbox 833 516 899 562; x_wconf 78' lang='grc' dir='ltr'>μὲν</span> <span class='ocrx_word' id='word_1_26' title='bbox 923 523 996 561; x_wconf 79' lang='grc' dir='ltr'><em>τοῖς</em></span> <span class='ocrx_word' id='word_1_27' title='bbox 1022 519 1135 567; x_wconf 79' lang='grc' dir='ltr'><em>νόμοις</em></span> <span class='ocrx_word' id='word_1_28' title='bbox 1151 547 1166 566; x_wconf 83' lang='grc'><strong><em>,</em></strong></span> 
     </span>
     <span class='ocr_line' id='line_1_5' title="bbox 52 572 1165 634; baseline 0.015 -22"><span class='ocrx_word' id='word_1_29' title='bbox 52 572 118 620; x_wconf 79' lang='grc' dir='ltr'>(ὥς</span> <span class='ocrx_word' id='word_1_30' title='bbox 152 576 288 620; x_wconf 73' lang='grc' dir='ltr'>ταύτην</span> <span class='ocrx_word' id='word_1_31' title='bbox 321 583 395 620; x_wconf 81' lang='grc' dir='ltr'><em>τοῖς</em></span> <span class='ocrx_word' id='word_1_32' title='bbox 429 578 513 622; x_wconf 81' lang='grc' dir='ltr'><em>θεοῖς</em></span> <span class='ocrx_word' id='word_1_33' title='bbox 549 594 655 619; x_wconf 78' lang='grc' dir='ltr'><em>ουσοιν</em></span> <span class='ocrx_word' id='word_1_34' title='bbox 689 583 850 623; x_wconf 66' lang='grc' dir='ltr'>δουλείαν</span> <span class='ocrx_word' id='word_1_35' title='bbox 862 582 902 631; x_wconf 86' lang='grc'>,)</span> <span class='ocrx_word' id='word_1_36' title='bbox 940 586 1068 627; x_wconf 68' lang='grc' dir='ltr'><em>ἔπειτα</em></span> <span class='ocrx_word' id='word_1_37' title='bbox 1092 595 1165 634; x_wconf 78' lang='grc' dir='ltr'><em>τοῖς·</em></span> 
     </span>
     <span class='ocr_line' id='line_1_6' title="bbox 51 648 1163 706; baseline 0.009 -20"><span class='ocrx_word' id='word_1_38' title='bbox 51 648 300 697; x_wconf 75' lang='grc' dir='ltr'>πρεσβυτέροις</span> <span class='ocrx_word' id='word_1_39' title='bbox 314 664 356 688; x_wconf 80' lang='grc' dir='ltr'>τε</span> <span class='ocrx_word' id='word_1_40' title='bbox 372 650 433 689; x_wconf 73' lang='grc' dir='ltr'>καὶ</span> <span class='ocrx_word' id='word_1_41' title='bbox 446 651 594 698; x_wconf 78' lang='grc' dir='ltr'><em>ἐντίμως</em></span> <span class='ocrx_word' id='word_1_42' title='bbox 608 652 828 699; x_wconf 80' lang='grc' dir='ltr'><em>βεβιωκόσι,</em></span> <span class='ocrx_word' id='word_1_43' title='bbox 843 655 925 698; x_wconf 82' lang='grc' dir='ltr'>τοὺς</span> <span class='ocrx_word' id='word_1_44' title='bbox 939 655 1064 700; x_wconf 78' lang='grc' dir='ltr'><em>νέους”</em></span> <span class='ocrx_word' id='word_1_45' title='bbox 1079 657 1163 706; x_wconf 57' lang='lat'>(1).1</span> 
     </span>
     <span class='ocr_line' id='line_1_7' title="bbox 102 715 1165 773; baseline 0.01 -21"><span class='ocrx_word' id='word_1_46' title='bbox 102 715 272 764; x_wconf 88' lang='lat' dir='ltr'>Verum,</span> <span class='ocrx_word' id='word_1_47' title='bbox 310 729 531 765; x_wconf 91' lang='lat' dir='ltr'>quamquam</span> <span class='ocrx_word' id='word_1_48' title='bbox 576 731 620 757; x_wconf 88' lang='lat' dir='ltr'>ex</span> <span class='ocrx_word' id='word_1_49' title='bbox 653 719 699 758; x_wconf 91' lang='lat' dir='ltr'>iis</span> <span class='ocrx_word' id='word_1_50' title='bbox 730 732 824 769; x_wconf 91' lang='lat' dir='ltr'>quae</span> <span class='ocrx_word' id='word_1_51' title='bbox 849 722 957 760; x_wconf 90' lang='lat' dir='ltr'>attuli</span> <span class='ocrx_word' id='word_1_52' title='bbox 984 725 1165 773; x_wconf 86' lang='lat' dir='ltr'>exemplis</span> 
     </span>
     <span class='ocr_line' id='line_1_8' title="bbox 50 782 1164 842; baseline 0.011 -21"><span class='ocrx_word' id='word_1_53' title='bbox 50 782 187 822; x_wconf 88' lang='lat' dir='ltr'>affatim</span> <span class='ocrx_word' id='word_1_54' title='bbox 216 784 375 826; x_wconf 87' lang='lat' dir='ltr'>fortasse</span> <span class='ocrx_word' id='word_1_55' title='bbox 400 788 700 836; x_wconf 86' lang='lat' dir='ltr'>demonstratur,</span> <span class='ocrx_word' id='word_1_56' title='bbox 728 803 836 839; x_wconf 88' lang='lat' dir='ltr'>quam</span> <span class='ocrx_word' id='word_1_57' title='bbox 863 792 1071 842; x_wconf 90' lang='lat' dir='ltr'>antiquitus</span> <span class='ocrx_word' id='word_1_58' title='bbox 1098 807 1164 833; x_wconf 89' lang='lat' dir='ltr'>au-·</span> 
     </span>
     <span class='ocr_line' id='line_1_9' title="bbox 50 854 1164 912; baseline 0.01 -20"><span class='ocrx_word' id='word_1_59' title='bbox 50 854 259 894; x_wconf 86' lang='lat' dir='ltr'>ctoritatem</span> <span class='ocrx_word' id='word_1_60' title='bbox 290 856 434 905; x_wconf 86' lang='lat' dir='ltr'>legibus</span> <span class='ocrx_word' id='word_1_61' title='bbox 464 858 693 898; x_wconf 85' lang='lat' dir='ltr'><strong>tribuendam</strong></span> <span class='ocrx_word' id='word_1_62' title='bbox 729 872 809 899; x_wconf 88' lang='lat' dir='ltr'>esse</span> <span class='ocrx_word' id='word_1_63' title='bbox 848 862 1164 912; x_wconf 86' lang='lat' dir='ltr'>existimaverint,</span> 
     </span>
     <span class='ocr_line' id='line_1_10' title="bbox 51 928 1163 976; baseline 0.01 -15"><span class='ocrx_word' id='word_1_64' title='bbox 51 935 216 963; x_wconf 85' lang='lat' dir='ltr'>enarrare</span> <span class='ocrx_word' id='word_1_65' title='bbox 241 934 361 964; x_wconf 88' lang='lat' dir='ltr'>tamen</span> <span class='ocrx_word' id='word_1_66' title='bbox 379 928 484 976; x_wconf 88' lang='lat' dir='ltr'>juvat</span> <span class='ocrx_word' id='word_1_67' title='bbox 512 928 872 976; x_wconf 89' lang='lat' dir='ltr'>praestantissimum</span> <span class='ocrx_word' id='word_1_68' title='bbox 899 932 1084 972; x_wconf 87' lang='lat' dir='ltr'>Herodoti</span> <span class='ocrx_word' id='word_1_69' title='bbox 1106 936 1163 973; x_wconf 92' lang='lat' dir='ltr'>lo-</span> 
     </span>
     <span class='ocr_line' id='line_1_11' title="bbox 48 996 1164 1052; baseline 0.007 -18"><span class='ocrx_word' id='word_1_70' title='bbox 48 1005 163 1043; x_wconf 87' lang='lat' dir='ltr'>cum,</span> <span class='ocrx_word' id='word_1_71' title='bbox 202 996 267 1043; x_wconf 89' lang='lat' dir='ltr'>qui</span> <span class='ocrx_word' id='word_1_72' title='bbox 306 997 458 1035; x_wconf 87' lang='lat' dir='ltr'>omnino</span> <span class='ocrx_word' id='word_1_73' title='bbox 491 999 536 1036; x_wconf 89' lang='lat' dir='ltr'>ad</span> <span class='ocrx_word' id='word_1_74' title='bbox 576 999 753 1039; x_wconf 88' lang='lat' dir='ltr'>Politicae</span> <span class='ocrx_word' id='word_1_75' title='bbox 784 1001 955 1050; x_wconf 86' lang='lat' dir='ltr'>antiquae</span> <span class='ocrx_word' id='word_1_76' title='bbox 981 1003 1164 1052; x_wconf 78' lang='lat' dir='ltr'>principia</span> 
     </span>
     <span class='ocr_line' id='line_1_12' title="bbox 45 1062 1162 1117; baseline 0.01 -16"><span class='ocrx_word' id='word_1_77' title='bbox 45 1065 302 1113; x_wconf 82' lang='lat' dir='ltr'>cognoscenda</span> <span class='ocrx_word' id='word_1_78' title='bbox 325 1062 423 1106; x_wconf 87' lang='lat' dir='ltr'>haud</span> <span class='ocrx_word' id='word_1_79' title='bbox 445 1068 688 1117; x_wconf 86' lang='lat' dir='ltr'>negligendus</span> <span class='ocrx_word' id='word_1_80' title='bbox 713 1070 874 1110; x_wconf 88' lang='lat' dir='ltr'>videtur.</span> <span class='ocrx_word' id='word_1_81' title='bbox 904 1073 1162 1112; x_wconf 79' lang='lat' dir='ltr'>Habeturillic</span> 
     </span>
     <span class='ocr_line' id='line_1_13' title="bbox 46 1134 1163 1191; baseline 0.011 -20"><span class='ocrx_word' id='word_1_82' title='bbox 46 1134 278 1182; x_wconf 84' lang='lat' dir='ltr'>colloquium</span> <span class='ocrx_word' id='word_1_83' title='bbox 305 1136 465 1175; x_wconf 84' lang='lat' dir='ltr'>Xerxem</span> <span class='ocrx_word' id='word_1_84' title='bbox 492 1137 588 1175; x_wconf 86' lang='lat' dir='ltr'>inter</span> <span class='ocrx_word' id='word_1_85' title='bbox 611 1147 648 1176; x_wconf 86' lang='lat' dir='ltr'>et</span> <span class='ocrx_word' id='word_1_86' title='bbox 674 1140 905 1179; x_wconf 86' lang='lat' dir='ltr'>Demaratum</span> <span class='ocrx_word' id='word_1_87' title='bbox 921 1170 933 1188; x_wconf 95' lang='lat'>,</span> <span class='ocrx_word' id='word_1_88' title='bbox 961 1144 1163 1191; x_wconf 83' lang='lat' dir='ltr'>Spartano-</span> 
     </span>
     <span class='ocr_line' id='line_1_14' title="bbox 48 1203 1162 1263; baseline 0.01 -22"><span class='ocrx_word' id='word_1_89' title='bbox 48 1215 129 1245; x_wconf 89' lang='lat' dir='ltr'>rum</span> <span class='ocrx_word' id='word_1_90' title='bbox 158 1203 245 1242; x_wconf 89' lang='lat' dir='ltr'>olim</span> <span class='ocrx_word' id='word_1_91' title='bbox 278 1205 445 1254; x_wconf 86' lang='lat' dir='ltr'>Regem,</span> <span class='ocrx_word' id='word_1_92' title='bbox 489 1208 554 1255; x_wconf 90' lang='lat' dir='ltr'>qui</span> <span class='ocrx_word' id='word_1_93' title='bbox 580 1216 670 1246; x_wconf 90' lang='lat' dir='ltr'>tunc</span> <span class='ocrx_word' id='word_1_94' title='bbox 697 1209 743 1246; x_wconf 91' lang='lat' dir='ltr'>ad</span> <span class='ocrx_word' id='word_1_95' title='bbox 766 1210 897 1249; x_wconf 85' lang='lat' dir='ltr'>Persas</span> <span class='ocrx_word' id='word_1_96' title='bbox 922 1211 1162 1263; x_wconf 83' lang='lat' dir='ltr'>confugerat.</span> 
     </span>
     <span class='ocr_line' id='line_1_15' title="bbox 49 1274 1164 1328; baseline 0.008 -16"><span class='ocrx_word' id='word_1_97' title='bbox 49 1274 221 1324; x_wconf 83' lang='lat' dir='ltr'>Rogasse</span> <span class='ocrx_word' id='word_1_98' title='bbox 241 1275 345 1314; x_wconf 90' lang='lat' dir='ltr'>illum</span> <span class='ocrx_word' id='word_1_99' title='bbox 370 1276 506 1315; x_wconf 86' lang='lat' dir='ltr'>dicitur</span> <span class='ocrx_word' id='word_1_100' title='bbox 526 1279 689 1326; x_wconf 85' lang='lat' dir='ltr'>Xerxes,</span> <span class='ocrx_word' id='word_1_101' title='bbox 722 1291 836 1328; x_wconf 90' lang='lat' dir='ltr'>quum</span> <span class='ocrx_word' id='word_1_102' title='bbox 859 1281 899 1320; x_wconf 85' lang='lat' dir='ltr'>iu</span> <span class='ocrx_word' id='word_1_103' title='bbox 925 1293 969 1320; x_wconf 92' lang='lat' dir='ltr'>eo</span> <span class='ocrx_word' id='word_1_104' title='bbox 998 1291 1098 1321; x_wconf 89' lang='lat' dir='ltr'>esset</span> <span class='ocrx_word' id='word_1_105' title='bbox 1120 1291 1164 1321; x_wconf 80' lang='lat' dir='ltr'>ut</span> 
     </span>
     <span class='ocr_line' id='line_1_16' title="bbox 45 1345 1162 1401; baseline 0.006 -17"><span class='ocrx_word' id='word_1_106' title='bbox 45 1345 221 1386; x_wconf 84' lang='lat' dir='ltr'>adversus</span> <span class='ocrx_word' id='word_1_107' title='bbox 269 1346 461 1386; x_wconf 89' lang='lat' dir='ltr'>Graeciam</span> <span class='ocrx_word' id='word_1_108' title='bbox 515 1349 788 1397; x_wconf 85' lang='lat' dir='ltr'>expeditionem</span> <span class='ocrx_word' id='word_1_109' title='bbox 829 1352 1066 1401; x_wconf 89' lang='lat' dir='ltr'>susciperet,</span> <span class='ocrx_word' id='word_1_110' title='bbox 1115 1364 1162 1391; x_wconf 89' lang='lat' dir='ltr'>an</span> 
     </span>
     <span class='ocr_line' id='line_1_17' title="bbox 46 1415 1163 1471; baseline 0.009 -19"><span class='ocrx_word' id='word_1_111' title='bbox 46 1415 261 1464; x_wconf 87' lang='lat' dir='ltr'>opinaretur</span> <span class='ocrx_word' id='word_1_112' title='bbox 297 1427 336 1454; x_wconf 90' lang='lat' dir='ltr'>re</span> <span class='ocrx_word' id='word_1_113' title='bbox 364 1428 448 1456; x_wconf 86' lang='lat' dir='ltr'>vera</span> <span class='ocrx_word' id='word_1_114' title='bbox 481 1417 649 1457; x_wconf 89' lang='lat' dir='ltr'>Graecos</span> <span class='ocrx_word' id='word_1_115' title='bbox 687 1420 880 1459; x_wconf 83' lang='lat' dir='ltr'>Persarum</span> <span class='ocrx_word' id='word_1_116' title='bbox 913 1423 1041 1471; x_wconf 85' lang='lat' dir='ltr'>copias</span> <span class='ocrx_word' id='word_1_117' title='bbox 1080 1434 1163 1462; x_wconf 79' lang='lat' dir='ltr'>esse</span> 
     </span>
     <span class='ocr_line' id='line_1_18' title="bbox 47 1487 1161 1541; baseline 0.008 -18"><span class='ocrx_word' id='word_1_118' title='bbox 47 1494 342 1535; x_wconf 87' lang='lat' dir='ltr'>exspectaturos.</span> <span class='ocrx_word' id='word_1_119' title='bbox 371 1487 471 1525; x_wconf 88' lang='lat' dir='ltr'>Tum</span> <span class='ocrx_word' id='word_1_120' title='bbox 488 1489 729 1529; x_wconf 80' lang='lat' dir='ltr'>Demaratus:</span> <span class='ocrx_word' id='word_1_121' title='bbox 759 1491 1105 1541; x_wconf 85' lang='lat' dir='ltr'>„Quandoquidem</span> <span class='ocrx_word' id='word_1_122' title='bbox 1118 1491 1161 1541; x_wconf 87' lang='lat'>,&#39;’</span> 
     </span>
     <span class='ocr_line' id='line_1_19' title="bbox 45 1555 1162 1614; baseline 0.007 -21"><span class='ocrx_word' id='word_1_123' title='bbox 45 1555 196 1603; x_wconf 89' lang='lat' dir='ltr'>inquit,</span> <span class='ocrx_word' id='word_1_124' title='bbox 230 1585 253 1605; x_wconf 89' lang='lat'>„</span> <span class='ocrx_word' id='word_1_125' title='bbox 270 1556 377 1605; x_wconf 85' lang='lat' dir='ltr'>Rex,</span> <span class='ocrx_word' id='word_1_126' title='bbox 406 1569 425 1594; x_wconf 91' lang='lat' dir='ltr'>e</span> <span class='ocrx_word' id='word_1_127' title='bbox 451 1558 502 1597; x_wconf 82' lang='lat' dir='ltr'>rei</span> <span class='ocrx_word' id='word_1_128' title='bbox 530 1559 684 1598; x_wconf 88' lang='lat' dir='ltr'>veritate</span> <span class='ocrx_word' id='word_1_129' title='bbox 706 1562 859 1600; x_wconf 87' lang='lat' dir='ltr'>omnino</span> <span class='ocrx_word' id='word_1_130' title='bbox 889 1574 946 1601; x_wconf 90' lang='lat' dir='ltr'>me</span> <span class='ocrx_word' id='word_1_131' title='bbox 970 1563 1077 1611; x_wconf 89' lang='lat' dir='ltr'>loqui</span> <span class='ocrx_word' id='word_1_132' title='bbox 1100 1564 1162 1614; x_wconf 56' lang='lat' dir='ltr'>jus</span> 
     </span>
     <span class='ocr_line' id='line_1_20' title="bbox 45 1625 1162 1677; baseline 0.009 -14"><span class='ocrx_word' id='word_1_133' title='bbox 45 1625 139 1675; x_wconf 84' lang='lat' dir='ltr'>bes,</span> <span class='ocrx_word' id='word_1_134' title='bbox 174 1638 291 1674; x_wconf 89' lang='lat' dir='ltr'>eaque</span> <span class='ocrx_word' id='word_1_135' title='bbox 323 1628 469 1675; x_wconf 86' lang='lat' dir='ltr'>dicere,</span> <span class='ocrx_word' id='word_1_136' title='bbox 512 1641 606 1677; x_wconf 90' lang='lat' dir='ltr'>quae</span> <span class='ocrx_word' id='word_1_137' title='bbox 637 1641 714 1668; x_wconf 90' lang='lat' dir='ltr'>non</span> <span class='ocrx_word' id='word_1_138' title='bbox 752 1634 946 1671; x_wconf 85' lang='lat' dir='ltr'>mentitum</span> <span class='ocrx_word' id='word_1_139' title='bbox 987 1645 1044 1672; x_wconf 91' lang='lat' dir='ltr'>me</span> <span class='ocrx_word' id='word_1_140' title='bbox 1078 1641 1162 1673; x_wconf 75' lang='lat' dir='ltr'>esse</span> 
     </span>
     <span class='ocr_line' id='line_1_21' title="bbox 47 1698 1159 1752; baseline 0.007 -18"><span class='ocrx_word' id='word_1_141' title='bbox 47 1700 177 1745; x_wconf 84' lang='lat' dir='ltr'>postea</span> <span class='ocrx_word' id='word_1_142' title='bbox 210 1710 229 1735; x_wconf 94' lang='lat' dir='ltr'>a</span> <span class='ocrx_word' id='word_1_143' title='bbox 260 1705 298 1736; x_wconf 92' lang='lat' dir='ltr'>te</span> <span class='ocrx_word' id='word_1_144' title='bbox 330 1698 603 1746; x_wconf 83' lang='lat' dir='ltr'>deprehendar,</span> <span class='ocrx_word' id='word_1_145' title='bbox 639 1700 810 1748; x_wconf 89' lang='lat' dir='ltr'>equidem</span> <span class='ocrx_word' id='word_1_146' title='bbox 850 1702 917 1740; x_wconf 92' lang='lat' dir='ltr'>tibi</span> <span class='ocrx_word' id='word_1_147' title='bbox 955 1703 1159 1752; x_wconf 88' lang='lat' dir='ltr'>obsequar.</span> 
     </span>
     <span class='ocr_line' id='line_1_22' title="bbox 45 1766 1161 1819; baseline 0.008 -15"><span class='ocrx_word' id='word_1_148' title='bbox 45 1766 88 1804; x_wconf 90' lang='lat' dir='ltr'>In</span> <span class='ocrx_word' id='word_1_149' title='bbox 123 1766 278 1806; x_wconf 88' lang='lat' dir='ltr'>Graecia</span> <span class='ocrx_word' id='word_1_150' title='bbox 317 1779 463 1816; x_wconf 91' lang='lat' dir='ltr'>semper</span> <span class='ocrx_word' id='word_1_151' title='bbox 508 1778 706 1818; x_wconf 88' lang='lat' dir='ltr'>paupertas</span> <span class='ocrx_word' id='word_1_152' title='bbox 757 1772 961 1819; x_wconf 84' lang='lat' dir='ltr'>habitavit;</span> <span class='ocrx_word' id='word_1_153' title='bbox 1002 1775 1161 1813; x_wconf 79' lang='lat' dir='ltr'>accessit</span> 
     </span>
     <span class='ocr_line' id='line_1_23' title="bbox 46 1836 1160 1892; baseline 0.009 -19"><span class='ocrx_word' id='word_1_154' title='bbox 46 1846 136 1873; x_wconf 90' lang='lat' dir='ltr'>vero</span> <span class='ocrx_word' id='word_1_155' title='bbox 160 1836 306 1884; x_wconf 89' lang='lat' dir='ltr'>virtus,</span> <span class='ocrx_word' id='word_1_156' title='bbox 337 1849 429 1885; x_wconf 87' lang='lat' dir='ltr'>quae</span> <span class='ocrx_word' id='word_1_157' title='bbox 453 1850 473 1876; x_wconf 91' lang='lat' dir='ltr'>e</span> <span class='ocrx_word' id='word_1_158' title='bbox 498 1839 680 1888; x_wconf 87' lang='lat' dir='ltr'>sapientia</span> <span class='ocrx_word' id='word_1_159' title='bbox 708 1840 828 1880; x_wconf 90' lang='lat' dir='ltr'>oritur</span> <span class='ocrx_word' id='word_1_160' title='bbox 852 1852 889 1879; x_wconf 92' lang='lat' dir='ltr'>et</span> <span class='ocrx_word' id='word_1_161' title='bbox 913 1844 1160 1892; x_wconf 12' lang='lat' dir='ltr'>legessvalida‚</span> 
     </span>
     <span class='ocr_line' id='line_1_24' title="bbox 48 1908 1160 1961; baseline 0.009 -19"><span class='ocrx_word' id='word_1_162' title='bbox 48 1917 120 1953; x_wconf 92' lang='lat' dir='ltr'>qua</span> <span class='ocrx_word' id='word_1_163' title='bbox 158 1915 263 1944; x_wconf 86' lang='lat' dir='ltr'>utens</span> <span class='ocrx_word' id='word_1_164' title='bbox 300 1908 455 1947; x_wconf 90' lang='lat' dir='ltr'>Graecia</span> <span class='ocrx_word' id='word_1_165' title='bbox 483 1918 520 1946; x_wconf 95' lang='lat' dir='ltr'>et</span> <span class='ocrx_word' id='word_1_166' title='bbox 553 1918 805 1957; x_wconf 87' lang='lat' dir='ltr'>paupertatem</span> <span class='ocrx_word' id='word_1_167' title='bbox 823 1911 953 1961; x_wconf 61' lang='lat' dir='ltr'>abigit</span> <span class='ocrx_word' id='word_1_168' title='bbox 982 1921 1018 1951; x_wconf 90' lang='lat' dir='ltr'>et</span> <span class='ocrx_word' id='word_1_169' title='bbox 1041 1914 1160 1952; x_wconf 89' lang='lat' dir='ltr'>domi-</span> 
     </span>
     <span class='ocr_line' id='line_1_25' title="bbox 46 1978 1160 2026; baseline 0.007 -12"><span class='ocrx_word' id='word_1_170' title='bbox 46 1984 188 2016; x_wconf 89' lang='lat' dir='ltr'>natum.</span> <span class='ocrx_word' id='word_1_171' title='bbox 241 1978 292 2016; x_wconf 91' lang='lat' dir='ltr'>Et</span> <span class='ocrx_word' id='word_1_172' title='bbox 313 1978 424 2016; x_wconf 91' lang='lat' dir='ltr'>laudo</span> <span class='ocrx_word' id='word_1_173' title='bbox 450 1979 596 2026; x_wconf 86' lang='lat' dir='ltr'>quidem</span> <span class='ocrx_word' id='word_1_174' title='bbox 621 1980 788 2018; x_wconf 87' lang='lat' dir='ltr'>Graecos</span> <span class='ocrx_word' id='word_1_175' title='bbox 811 1992 940 2020; x_wconf 88' lang='lat' dir='ltr'>omnes</span> <span class='ocrx_word' id='word_1_176' title='bbox 965 1983 1062 2022; x_wconf 88' lang='lat' dir='ltr'>circa</span> <span class='ocrx_word' id='word_1_177' title='bbox 1086 1993 1160 2021; x_wconf 80' lang='lat' dir='ltr'>ter-</span> 
     </span>
     <span class='ocr_line' id='line_1_26' title="bbox 48 2044 1158 2094; baseline 0.009 -12"><span class='ocrx_word' id='word_1_178' title='bbox 48 2056 105 2083; x_wconf 88' lang='lat' dir='ltr'>ras</span> <span class='ocrx_word' id='word_1_179' title='bbox 140 2044 297 2084; x_wconf 87' lang='lat' dir='ltr'>Doricas</span> <span class='ocrx_word' id='word_1_180' title='bbox 331 2047 563 2094; x_wconf 83' lang='lat' dir='ltr'>habitantes;</span> <span class='ocrx_word' id='word_1_181' title='bbox 596 2059 663 2087; x_wconf 88' lang='lat' dir='ltr'>nec</span> <span class='ocrx_word' id='word_1_182' title='bbox 687 2060 777 2087; x_wconf 84' lang='lat' dir='ltr'>vero</span> <span class='ocrx_word' id='word_1_183' title='bbox 800 2051 845 2088; x_wconf 91' lang='lat' dir='ltr'>de</span> <span class='ocrx_word' id='word_1_184' title='bbox 869 2052 1014 2091; x_wconf 90' lang='lat' dir='ltr'>cunctis</span> <span class='ocrx_word' id='word_1_185' title='bbox 1043 2053 1158 2091; x_wconf 68' lang='lat' dir='ltr'>Grae:</span> 
     </span>
     <span class='ocr_line' id='line_1_27' title="bbox 48 2114 1157 2172; baseline 0.008 -21"><span class='ocrx_word' id='word_1_186' title='bbox 48 2114 103 2152; x_wconf 84' lang='lat' dir='ltr'>cis</span> <span class='ocrx_word' id='word_1_187' title='bbox 131 2125 229 2153; x_wconf 87' lang='lat' dir='ltr'>nunc</span> <span class='ocrx_word' id='word_1_188' title='bbox 256 2115 396 2163; x_wconf 85' lang='lat' dir='ltr'>dicam,</span> <span class='ocrx_word' id='word_1_189' title='bbox 428 2118 492 2155; x_wconf 87' lang='lat' dir='ltr'>sed</span> <span class='ocrx_word' id='word_1_190' title='bbox 521 2118 566 2155; x_wconf 91' lang='lat' dir='ltr'>de</span> <span class='ocrx_word' id='word_1_191' title='bbox 591 2118 683 2157; x_wconf 86' lang='lat' dir='ltr'>solis</span> <span class='ocrx_word' id='word_1_192' title='bbox 707 2119 1036 2172; x_wconf 78' lang='lat' dir='ltr'>Lacedaemoniis3</span> <span class='ocrx_word' id='word_1_193' title='bbox 1060 2134 1157 2171; x_wconf 84' lang='lat' dir='ltr'>quos</span> 
     </span>
     <span class='ocr_line' id='line_1_28' title="bbox 43 2183 1158 2237; baseline 0.011 -17"><span class='ocrx_word' id='word_1_194' title='bbox 43 2183 211 2230; x_wconf 37' lang='lat' dir='ltr'>primum*</span> <span class='ocrx_word' id='word_1_195' title='bbox 243 2186 327 2224; x_wconf 91' lang='lat' dir='ltr'>dico</span> <span class='ocrx_word' id='word_1_196' title='bbox 361 2198 592 2235; x_wconf 88' lang='lat' dir='ltr'>nequaquam</span> <span class='ocrx_word' id='word_1_197' title='bbox 622 2199 841 2237; x_wconf 84' lang='lat' dir='ltr'>accepturos</span> <span class='ocrx_word' id='word_1_198' title='bbox 870 2200 950 2230; x_wconf 87' lang='lat' dir='ltr'>tuas</span> <span class='ocrx_word' id='word_1_199' title='bbox 973 2195 1158 2233; x_wconf 70' lang='lat' dir='ltr'>conditiod</span> 
     </span>
     <span class='ocr_line' id='line_1_29' title="bbox 1064 2275 1157 2311; baseline 0 -10"><span class='ocrx_word' id='word_1_200' title='bbox 1064 2275 1157 2311; x_wconf 75' lang='lat' dir='ltr'>res,</span> 
     </span>
     <span class='ocr_line' id='line_1_30' title="bbox 96 2333 721 2379; baseline 0.008 -14"><span class='ocrx_word' id='word_1_201' title='bbox 96 2333 142 2374; x_wconf 80' lang='grc' dir='ltr'>(ι)</span> <span class='ocrx_word' id='word_1_202' title='bbox 164 2333 246 2366; x_wconf 80' lang='lat' dir='ltr'>Plat.</span> <span class='ocrx_word' id='word_1_203' title='bbox 268 2335 291 2366; x_wconf 89' lang='lat' dir='ltr'>l.</span> <span class='ocrx_word' id='word_1_204' title='bbox 307 2336 329 2366; x_wconf 84' lang='lat' dir='ltr'>l.</span> <span class='ocrx_word' id='word_1_205' title='bbox 351 2336 428 2367; x_wconf 83' lang='lat' dir='ltr'>Lib.</span> <span class='ocrx_word' id='word_1_206' title='bbox 450 2337 512 2368; x_wconf 76' lang='lat' dir='ltr'>VI.</span> <span class='ocrx_word' id='word_1_207' title='bbox 534 2348 567 2376; x_wconf 84' lang='lat' dir='ltr'>p.</span> <span class='ocrx_word' id='word_1_208' title='bbox 589 2339 659 2379; x_wconf 84' lang='lat'><strong>762.</strong></span> <span class='ocrx_word' id='word_1_209' title='bbox 683 2338 721 2370; x_wconf 60' lang='grc' dir='ltr'>Ε,</span> 
     </span>
     <span class='ocr_line' id='line_1_31' title="bbox 588 2399 623 2437; baseline 0 0"><span class='ocrx_word' id='word_1_210' title='bbox 588 2399 623 2437; x_wconf 89' lang='lat' dir='ltr'>D</span> 
     </span>
    </p>
   </div>
  </div>
 </body>
</html>
