1492 2896
1114 261 1216 290 XXXV

103 363 342 403 teranorum
358 357 685 403 commilitonum
703 359 1024 404 intervenerunt.
1057 360 1219 404 Deinde

105 432 179 495 dic
199 433 332 493 Iovis,
361 435 432 492 qui
458 443 547 480 erat
567 436 660 480 festi
685 436 875 494 quintus,
904 438 999 481 novi
1023 437 1220 481 doctores

101 500 223 566 fiiore
257 512 462 556 maiorum
508 513 635 558 creati
668 514 871 559 matutino
907 514 1097 559 convivio
1134 515 1221 558 ele-

109 588 354 648 gantissimo
380 591 644 650 professores
661 623 673 644 ,
704 592 972 649 magistratus
992 624 1004 645 ‚
1037 592 1222 648 aliosque

104 666 401 711 honoratiores
436 667 548 712 viros
564 699 576 720 ,
617 681 712 712 cum
747 668 950 711 matronis
982 675 1021 711 et
1049 668 1224 725 virgini-

96 744 220 798 sbuss,
247 751 527 805 exceperunt:
574 744 640 788 cui
672 745 805 789 laetae
839 744 1067 789 celebritati
1101 745 1224 790 etiam

98 821 352 880 Jregislfilius
376 823 661 866 Peenameus
687 822 905 881 Belgarum
931 822 1133 881 Princeps
1154 821 1226 864 in-

106 904 262 944 teresse
294 899 486 957 dignatus
526 906 601 944 est.
676 901 932 958 Praecipuus
965 907 1105 943 tamen
1140 899 1226 943 eius

106 975 191 1019 diei
220 975 423 1034 splendor
447 976 524 1019 fuit
545 976 789 1033 choragium
813 976 1058 1020 historicum
1073 1008 1084 1028 ,
1110 976 1225 1032 quod

107 1051 296 1097 studiosi
338 1051 654 1104 exhibuerunt,
698 1053 941 1096 memoriam
999 1055 1227 1095 exercitus

106 1130 293 1186 Belgica·
318 1138 429 1185 post
470 1130 862 1185 Niechortianam
901 1132 1143 1171 victoriam
1182 1147 1227 1171 se

109 1207 357 1248 Ostendam
397 1206 605 1247 ducentis
645 1218 716 1248 Vl.
752 1207 844 1247 Iul.
890 1222 1006 1247 anno
1049 1204 1224 1248 ommes.

90 1287 428 1340 :repraesentans
453 1294 540 1325 non
563 1281 698 1325 minus
719 1281 894 1325 fideliter
916 1297 1041 1338 quam
1061 1283 1224 1338 magni-

107 1358 200 1403 fice.
254 1356 388 1403 'Sexto
424 1357 592 1401 tandem
629 1356 721 1410 die,
765 1358 836 1415 qui
867 1358 944 1402 fuit
988 1359 1226 1410 conclusio,

110 1434 154 1478 in
185 1434 289 1482 aede
328 1434 536 1479 lacobaea
573 1436 786 1478 Cantatio
821 1443 861 1478 et
891 1436 1119 1479 carminum
1156 1451 1229 1479 re-

111 1512 353 1564 citationes,
376 1525 471 1556 cum
496 1511 653 1570 ingenti
670 1512 906 1556 auditorum
926 1513 1200 1556 admiratione
1216 1546 1228 1564 ,

111 1588 363 1635 Academiae
406 1587 579 1646 gloriam
620 1589 911 1645 celebrarunt3
950 1606 1072 1647 quem
1121 1590 1231 1635 diem

115 1666 265 1711 deinde
295 1666 552 1726 symposium
586 1667 819 1718 urbanum,
850 1667 1045 1725 pretiosis
1074 1683 1230 1725 pyreo-

114 1743 224 1789 bolis
248 1743 520 1797 illustratum,
547 1744 592 1787 in
620 1744 791 1788 multam
819 1752 985 1788 noctem
1013 1744 1225 1802 produxit.

108 1818 322 1871 Universe
350 1828 485 1867 autem
509 1821 578 1865 illa
602 1822 741 1865 omnia
768 1828 861 1864 acta
885 1829 1083 1878 gestaque
1108 1829 1228 1873 sunt,

111 1912 210 1945 cum
249 1898 379 1957 gratia
420 1906 460 1942 et
500 1898 733 1950 modestia,
778 1912 955 1955 cumque
988 1898 1232 1956 voluptate,

116 1975 266 2021 civium
309 1981 350 2018 et
385 1973 624 2033 hospitum,
665 1975 871 2033 gaudente
911 1989 962 2019 ae
1006 1976 1230 2033 plaudente

117 2051 403 2107 multitudine3
435 2050 489 2096 de
518 2051 674 2096 damno
696 2051 896 2097 iniuriave
925 2059 1123 2109 querente
1151 2067 1229 2095 nenn

115 2144 238 2176 nune.

176 2281 261 2330 Die
279 2299 333 2328 tv.
352 2301 408 2328 m.
430 2286 652 2327 Octobris.
707 2284 860 2328 Lectae
886 2291 978 2328 sunl
1005 2283 1046 2326 in
1072 2283 1234 2327 Senatu-
