1492 2896
304 267 326 292 2
603 251 1110 293 INTROITUS.

308 361 516 412 degebant,
546 364 643 402 κατὰ
666 363 753 410 μίαν
771 364 900 407 οἴκησιν
927 364 986 402 καὶ
1012 365 1109 403 κατὰ
1131 363 1229 410 γένος
1253 364 1420 412 διεσπαρ-

308 436 420 483 μένοι.
484 431 673 469 Vivebant
709 432 822 480 igitur
852 434 1165 481 πατρονομούμενοι
1203 440 1266 480 et,
1303 432 1418 480 patris

308 503 511 550 matrisque
538 502 789 549 obsequentes
819 501 973 549 imperio
990 530 1003 548 ,
1027 502 1145 540 avium
1169 503 1288 552 gregis
1306 503 1422 541 instar

307 572 552 620 vagabantur.
593 570 736 609 Deinde
762 581 851 608 vero
879 570 1035 619 majores
1063 570 1174 609 urbes
1197 572 1421 618 condentes,

306 642 433 689 plures
471 640 508 678 in
545 639 700 678 eundem
737 641 859 678 locum
894 624 1168 678 convenieban't
1201 650 1236 679 et
1262 643 1307 680 ad
1330 641 1424 691 agri·

307 711 493 749 culturam
521 722 563 748 se
589 711 626 747 in
642 709 836 758 'montium
863 709 1023 757 primum
1046 711 1312 748 convertebant
1334 721 1425 749 con-

308 781 495 827 vallibus,
535 789 571 817 et
605 769 710 827 septa
741 775 920 826 'quaedam
950 791 970 817 e
996 780 1185 829 congestis
1211 779 1424 828 lapidibus,

309 861 482 899 tanquam
527 861 716 887 murorum
751 852 1069 898 propugnacula,
1113 850 1270 888 ferarum
1315 853 1427 888 causa

308 920 579 967 conficiebant,
616 930 723 957 unam
760 920 1035 957 constituentes
1062 930 1296 957 communem
1326 930 1427 967 mag-

308 1001 468 1039 namque
490 989 798 1038 domum'’(1),.ff
827 989 896 1029 Uti
922 998 1043 1028 autem
1069 989 1336 1032 familiaeillae
1364 1000 1427 1028 ex·

309 1061 384 1098 coli
412 1061 544 1108 procul
573 1059 690 1098 dubio
724 1046 931 1108 coeperunt
957 1044 1099 1097 ‘mutuis
1119 1058 1343 1097 celebrandis
1369 1070 1427 1096 sa-

308 1130 380 1167 cris
415 1119 624 1177 festisque,
656 1129 705 1166 ita
739 1119 844 1166 etiam
883 1129 967 1167 inde
1003 1129 1133 1167 merito
1161 1129 1275 1177 repeti
1302 1129 1426 1166 solent

307 1199 426 1249 prima
462 1200 651 1237 societatis
695 1199 816 1249 civilis
855 1199 973 1236 initia.
1053 1198 1285 1246 Ubicunque
1312 1198 1425 1247 *aedes

308 1272 430 1308 sacrae
466 1270 660 1308 exstabant
701 1278 736 1307 et
782 1270 944 1318 templa,
976 1270 1063 1307 illuc
1105 1260 1427 1318 congregabantur

307 1339 415 1379 facile
438 1349 590 1388 gentes,
623 1348 689 1386 ut,
710 1336 908 1377 'sacrificiis
936 1338 1035 1377 festo
1063 1349 1229 1388 tempore
1257 1335 1426 1377 commu-

308 1410 405 1447 niter
429 1410 586 1458 peractis
602 1438 614 1456 ,
636 1404 726 1446 'cum
753 1394 1014 1447 communibus
1041 1409 1261 1446 interessent
1287 1405 1427 1454 sacris,

309 1491 385 1517 tum
412 1491 485 1517 una
508 1492 549 1517 se
570 1479 727 1517 festivae
755 1479 926 1517 hilaritati
953 1480 1095 1518 darent.
1149 1479 1230 1518 Nec
1253 1478 1426 1528 profecto

308 1544 458 1590 mirum.
539 1549 672 1587 Minus
718 1551 875 1605 excultis
925 1549 1163 1595 hominibus,
1213 1536 1348 1597 pariter
1385 1553 1427 1587 ac

284 1605 463 1669 vpueris,
500 1618 598 1670 festo
630 1620 688 1656 die
719 1620 812 1656 nihil
847 1630 928 1657 esse
963 1628 1088 1666 potest
1119 1619 1331 1667 acceptiu53
1361 1618 1427 1656 sed

310 1680 419 1728 simul
458 1690 503 1726 ad
536 1690 729 1727 amicitiam
768 1689 1056 1727 connectendam
1093 1689 1186 1726 nihil
1220 1689 1335 1738 magis
1369 1697 1426 1727 est

298 1751 495 1816 idoneum,
563 1760 749 1798 Gaudium
793 1769 829 1797 et
871 1758 1041 1797 laetitiam
1083 1758 1206 1796 omnia
1249 1759 1425 1811 spirant,

309 1832 434 1868 nullus
461 1840 516 1867 est
540 1827 813 1867 inimicitiarum
841 1831 961 1867 locus.
1001 1830 1153 1867 Factum
1177 1838 1297 1866 autem
1321 1840 1425 1866 com-

309 1900 486 1938 munibus
526 1901 600 1938 illis
633 1901 774 1946 sacris,
816 1910 855 1936 ut
880 1902 1091 1950 περικτίονες
1119 1898 1342 1937 haberentur
1370 1895 1424 1935 fa-

310 1971 454 2017 miliae,
496 1972 719 2018 templorum
757 1970 926 2007 viciniam
972 1978 1143 2016 tanquam
1183 1967 1423 2005 habitationis

309 2042 431 2078 locum
462 2040 641 2089 imprimis
666 2048 894 2088 appetentes.
937 2039 1075 2077 Similis
1104 2050 1163 2076 res
1189 2038 1333 2076 Romae
1355 2037 1424 2076 ini·

310 2111 359 2148 tia
382 2110 630 2148 confirmavit.
687 2111 839 2147 Sacrum
872 2110 1013 2157 asylum
1052 2107 1271 2156 patefecisse
1305 2106 1424 2146 fertur

308 2182 520 2226 Romulus,
550 2181 653 2227 quod
681 2181 832 2228 plurimi
855 2180 1034 2217 continuo
1056 2173 1255 2237 petebant,
1281 2178 1319 2215 in
1344 2188 1421 2226 quo

308 2252 428 2304 sedem
468 2251 598 2288 deinde
636 2261 738 2286 suam
775 2250 1015 2286 collocarent.
1093 2251 1147 2285 lta
1191 2249 1229 2285 in
1266 2248 1423 2288 Graecia

331 2364 333 2366 μ
1327 2329 1423 2365 quo-

352 2390 399 2429 (1)
427 2389 536 2425 mato,
562 2390 599 2417 a&
618 2390 718 2428 Legg„
743 2387 819 2418 Lib.
844 2388 909 2417 ιιι.
932 2398 962 2425 p.
987 2387 1056 2417 680.
1083 2386 1121 2416 E.
1146 2387 1218 2417 681.
1246 2387 1285 2415 A.
