1492 2896
270 244 661 287 PHILOSOPHICO
676 267 692 275 -
707 244 1013 287 HISTORICA.
1160 253 1204 287 81

91 363 237 404 tamen,
271 368 346 405 quo
376 355 609 395 manifestius
640 355 845 394 declaretur
866 357 1009 395 laudata
1035 357 1204 406 philoso-

89 427 195 476 phiae
224 427 305 473 vis,
336 427 525 465 audiamus
551 428 693 465 tandem
710 455 722 473 ‚
748 437 888 474 quaeso
909 456 922 474 ‚
944 428 982 465 in
1008 429 1205 468 Phaedone

88 498 274 535 Socratem
298 499 342 536 de
364 498 492 535 morali
516 497 684 534 libertate
705 508 789 534 cum
821 498 969 535 Simmia
995 508 1031 537 et
1055 499 1199 537 Cebete

89 569 354 616 disputantem.
422 597 445 615 „
473 565 755 618 Quicunque,’'
792 567 939 615 inquit,
984 595 1007 615 ,,
1030 579 1106 606 non
1147 569 1202 606 di-

88 638 214 676 scendi
240 640 370 676 ardore
395 637 603 686 flagraverit
629 646 666 675 et
689 637 821 675 deinde
841 639 951 686 plane
973 649 1092 686 purus
1114 639 1209 676 hinc-

89 707 244 753 abierit.‚
275 707 309 745 ei
341 708 386 746 ad
417 707 584 745 Deorum
613 717 730 756 genus
769 706 873 745 nefas
904 716 960 746 est
991 709 1197 756 pervenire.

91 778 165 815 Sed
199 778 334 815 iccirco
353 806 365 825 ‚
405 777 546 826 optime
579 776 731 815 Simmia
754 786 792 816 et
824 777 977 824 Cebes,
1012 779 1078 825 qui
1104 789 1202 817 recte

90 848 429 896 philosophantur,
452 847 639 886 abstinent
662 848 707 886 ab
734 848 909 886 omnibus
939 849 1110 896 corporis
1136 861 1203 887 voa-

92 918 313 966 luptatibus.
360 919 433 956 Eas
461 927 604 966 spretas
627 929 860 965 nequaquam
886 928 1119 966 sequuntur,
1145 929 1205 957 ut·
1243 937 1245 939 ·

94 998 183 1035 pote
206 1000 277 1036 qua
297 988 359 1026 -via
384 989 554 1027 incedant
578 988 742 1036 nescias;
773 988 849 1036 ipsi
873 1000 962 1026 vero
986 989 1206 1038 philosophi

93 1057 344 1095 existimantes
371 1068 447 1094 non
487 1066 660 1105 oportere
700 1056 962 1106 philosophiae
996 1058 1204 1107 quempiam

94 1127 277 1165 adversari
292 1156 304 1174 ‚
331 1138 445 1176 quum
467 1129 627 1165 animum
651 1140 670 1165 a
697 1139 855 1176 corpore
879 1127 1035 1167 liberare
1060 1137 1095 1167 et
1118 1141 1208 1177 pur·-

96 1208 179 1246 gare
221 1198 421 1244 studeant,
471 1197 733 1245 philosophiae
769 1206 871 1235 totos
915 1209 998 1236 sese
1031 1199 1208 1245 tradunt,

95 1276 293 1315 sequentes
330 1279 400 1315 qua
435 1268 496 1305 illa
535 1268 658 1305 ducat.
721 1267 876 1307 Norunt
910 1270 1005 1307 enim
1040 1270 1214 1318 philoso-

95 1337 220 1385 phiam
250 1338 415 1386 ipsorum
447 1337 638 1383 animum,
666 1337 704 1374 in
728 1349 888 1385 corpore
911 1338 1076 1376 vinctum
1103 1351 1210 1387 pror-

99 1418 163 1446 sus
189 1417 224 1445 et
249 1419 314 1456 per
336 1400 476 1456 corpus
500 1407 616 1445 veluti
641 1419 706 1455 per
738 1419 918 1446 carcerem
946 1409 1127 1456 quendam
1150 1420 1211 1446 res

98 1477 339 1525 contemplari
364 1488 532 1515 coactum
549 1506 561 1523 ‚
582 1477 770 1525 suscipere
796 1486 833 1515 et
858 1478 993 1516 sensim
1015 1479 1213 1517 admonere

100 1559 140 1585 ac
165 1549 311 1586 solvere
335 1548 487 1593 conari,
518 1547 774 1585 ostendentem
793 1574 807 1592 ,
837 1546 947 1586 fallax
975 1559 1057 1586 esse
1083 1550 1214 1587 oculo-

101 1629 180 1655 rum
200 1646 212 1664 ‚
239 1617 348 1656 fallax
378 1618 464 1655 item
498 1617 639 1656 aurium
668 1627 779 1665 atque
804 1629 981 1656 sensuum
1005 1627 1211 1656 ceterorum

98 1687 274 1736 judicium
293 1715 304 1733 ,
329 1697 405 1725 tum
428 1687 533 1725 etiam
552 1687 790 1734 suadentem,
811 1695 853 1724 ut
877 1687 922 1724 ab
949 1687 1008 1725 his
1033 1696 1211 1735 quantum
1235 1718 1240 1722 .

104 1758 225 1804 possit
259 1758 447 1804 discedat,
475 1768 515 1794 se
541 1757 664 1805 ipsum
690 1756 776 1795 inde
802 1764 952 1795 revocet
979 1766 1017 1795 et
1043 1757 1215 1805 colligat,

105 1837 173 1864 nec
202 1827 266 1864 ulli
294 1836 545 1874 praeterquam
578 1826 648 1863 sibi
690 1826 799 1863 fidem
841 1825 986 1864 habeat.
1024 1826 1215 1875 >Denique

105 1895 324 1943 philosophi
354 1898 525 1941 animus,
559 1907 776 1943 comparans
808 1895 881 1932 sibi
912 1897 1211 1945 tranquillitatem

106 1966 340 2013 voluptatum
367 1974 403 2002 et
432 1966 626 2011 dolorum,
659 1966 872 2013 obsequens
901 1967 1034 2005 rationi
1060 1976 1095 2006 et
1122 1980 1218 2006 sen]-

108 2046 173 2083 per
208 2035 245 2072 in
286 2046 329 2072 eo
364 2044 593 2083 occupatus,
633 2044 674 2072 ut
709 2047 861 2082 verum‚
900 2035 1094 2085 divinum,
1129 2039 1219 2076 sim·

111 2108 194 2154 plex
229 2107 502 2153 contempletur
546 2106 702 2154 ejusque
740 2108 1056 2154 contemplatione
1091 2121 1221 2157 pasca-

110 2186 196 2220 tur,
227 2177 274 2212 ita
311 2175 380 2212 sibi
420 2175 619 2212 vivendum
661 2187 740 2212 esse
776 2186 926 2223 censet,
966 2179 1139 2225 quamliu
1167 2179 1222 2216 vi-

111 2257 202 2293 vat3
249 2246 311 2283 ubi
359 2257 445 2282 vero
487 2246 571 2282 hinc
608 2246 820 2282 discesserit
862 2246 975 2293 inque
1022 2259 1221 2296 cogmtmn

113 2319 233 2356 locum
265 2303 643 2365 perveneritjmalis
678 2317 847 2354 humanis
881 2328 918 2354 se
946 2316 1140 2356 lim-„atum
1180 2321 1223 2357 iri

649 2386 677 2424 F
1157 2402 1178 2436 p
1186 2401 1225 2427 u-
