1492 2896
264 269 331 314 158
664 254 977 313 nisotust'rlo

259 376 457 414 obtineret.
512 373 619 422 Quos
651 371 764 419 igitur
797 372 934 420 patriae
967 374 1130 420 amicos,
1171 373 1244 411 sibi
1274 385 1360 412 vero

257 444 417 482 infestos
444 443 654 492 judicabant
671 470 684 488 ,
717 453 780 478 eos
803 450 872 489 per
894 443 1200 491 proscriptionem
1224 443 1366 483 exstin-

260 521 409 552 xerunt.
463 513 595 550 Demta
629 520 749 549 autem
787 511 897 549 simul
930 508 1127 560 aequalitas
1160 523 1216 552 est
1246 514 1363 553 viola·

259 596 391 633 raeque
419 585 516 634 leges
543 594 630 623 sunt
655 583 889 632 prorogando
921 582 1197 630 magistratuum
1222 591 1367 632 tempo-

259 667 324 700 re,
355 664 396 693 ut
419 667 456 692 ν.
481 666 518 691 c.
541 654 686 692 Marius
715 654 962 692 Consulatum
990 662 1057 699 per
1083 652 1360 698 quadriennium

260 726 438 775 gesserit,
474 737 550 773 quo
588 725 717 762 favore
750 724 799 761 ita
835 734 926 760 usus
965 730 1049 768 est,
1079 731 1120 759 ut
1151 722 1364 761 conciliaret

261 796 332 833 sibi
361 796 574 843 quicunque
603 807 725 832 secum
757 793 920 831 militiam
946 793 1114 841 agebant.
1163 792 1216 831 Hi
1241 801 1361 832 autem

260 877 334 904 non
358 878 402 903 ex
425 864 727 903 honoratioribus
750 863 887 901 civium
913 862 1116 909 classibus,
1146 871 1259 911 prout
1283 873 1364 901 mos

262 935 402 974 ferebat
440 936 646 984 majorum,
683 935 747 971 sed
784 946 829 972 ex
862 933 1141 981 proletariorum
1175 942 1212 971 et
1243 934 1365 982 capite

259 1018 453 1045 censorum
491 1017 645 1044 numero
689 1005 879 1042 maximam
917 1012 1057 1051 partem
1092 1002 1245 1041 fuerunt
1277 1003 1366 1040 scri-

260 1077 315 1125 pti
340 1076 425 1127 (1).
480 1077 617 1114 Interea
653 1083 889 1121 „postquam
923 1073 973 1111 L.
1004 1073 1136 1119 Sulla,
1167 1071 1276 1110 armis
1307 1083 1364 1110 re-

260 1155 365 1194 cepta
389 1146 600 1194 republica,
625 1143 731 1181 bonis
757 1142 870 1180 initiis
893 1142 1008 1179 malos
1031 1151 1186 1179 eventus
1209 1141 1362 1190 habuit3

260 1228 386 1264 rapere
413 1227 564 1260 omnes,
595 1215 762 1260 trahere,
797 1213 944 1250 domum
981 1211 1101 1258 alius,
1136 1213 1229 1250 alius
1257 1223 1365 1260 agros

259 1296 420 1334 cupere;
457 1295 577 1331 neque
609 1283 758 1320 modum
796 1293 917 1329 neque
953 1280 1168 1319 modestiam
1203 1281 1364 1319 victores

263 1355 418 1401 habere,
441 1353 548 1391 foeda
568 1353 805 1400 crudeliaque
826 1351 918 1389 civis
937 1349 1099 1389 facinora
1111 1349 1243 1389 facere.
1278 1351 1364 1390 Huc

261 1424 474 1471 accedebat,
505 1424 605 1470 quod
629 1421 679 1460 L.
705 1422 809 1460 Sulla
833 1422 1056 1469 exercitum,
1084 1433 1191 1469 quem
1217 1421 1253 1460 in
1275 1421 1366 1459 Asia

260 1496 470 1532 ductaverat
486 1522 498 1539 ,
533 1504 608 1540 quo
634 1492 707 1530 sibi
730 1492 843 1530 fidum
867 1490 1004 1529 faceret
1021 1521 1033 1538 ‚
1068 1500 1199 1530 contra
1226 1503 1364 1529 morem

260 1566 436 1613 majorum
459 1563 650 1601 luxuriose
673 1562 858 1609 nimisque
881 1562 1077 1599 liberaliter
1101 1561 1290 1599 habuerat.
1313 1583 1367 1590 —

261 1636 334 1674 Hic
356 1635 512 1683 primum
541 1632 703 1671 insuevit
724 1632 906 1669 exercitus
935 1630 1065 1679 populi
1087 1630 1247 1668 Romani
1272 1641 1369 1667 arna-

261 1717 322 1751 re,
360 1714 516 1753 potaret,
562 1703 693 1751 signa,
740 1702 883 1739 tabulas
919 1701 1063 1749 pictas,
1104 1712 1190 1738 vasa
1235 1701 1367 1738 caelata

263 1773 409 1822 mirari3
437 1786 476 1811 ea
500 1773 668 1821 privatim
699 1784 738 1810 ac
763 1772 911 1821 publice
934 1784 1079 1819 rapere3
1107 1771 1256 1808 delubra
1277 1782 1366 1818 spo-

261 1847 372 1893 1iare3
406 1856 504 1882 sacra
529 1842 758 1892 profanaque
784 1842 905 1880 omnia
929 1842 1109 1890 polluere.
1134 1863 1186 1870 —
1223 1841 1287 1879 Ex
1314 1840 1367 1877 di—

261 1916 361 1953 vitiis
384 1916 614 1966 juventutem
642 1913 785 1950 luxuria
809 1921 922 1960 atque
945 1911 1094 1949 avaritia
1124 1922 1206 1947 cum
1237 1921 1365 1957 super-

262 1985 320 2022 bia
346 1985 533 2028 invasere:
564 1994 711 2030 rapere,
738 1993 954 2019 consumere
970 2010 981 2028 ,
1011 1994 1075 2018 sua
1100 1980 1202 2028 parvi
1230 1979 1364 2027 pende-

261 2067 326 2100 re,
363 2055 476 2091 aliena
517 2064 676 2100 cupere:,
725 2053 928 2099 pudorem,
971 2050 1212 2099 pudicitiam,
1243 2047 1364 2086 divina

261 2136 372 2172 atque
400 2126 556 2162 bumana
594 2124 800 2170 promiscua
817 2149 829 2168 ,
863 2122 954 2158 nihil
981 2120 1084 2168 pensi
1107 2129 1217 2165 atque
1241 2118 1367 2154 mode-

261 2197 325 2233 rati
357 2195 516 2232 habere''
537 2192 623 2243 (ε).
677 2192 794 2230 Proba
815 2192 1021 2240 juventutis
1046 2189 1248 2227 educandae
1271 2188 1364 2225 ratio

1327 2259 1361 2294 iu

304 2336 350 2372 (ι)
377 2332 455 2362 5.·11,
480 2334 518 2360 Β.
541 2332 574 2360 J.
597 2341 623 2359 c.
649 2332 698 2359 aa.

306 2391 349 2427 μ)
378 2386 455 2416 Sauli.
480 2390 516 2414 Β.
545 2388 575 2412 t'.
600 2395 625 2412 c.
656 2395 719 2415 ιι..
751 2394 795 2411 12.
