1492 2896
450 273 817 328 ORATIO.
1165 286 1196 329 7'

82 417 344 473 faciendum,
371 415 486 474 quod
513 431 699 476 possum.
744 416 893 461 Dicam
919 417 972 462 de
998 417 1083 462 hac
1094 418 1189 477 ipsa

83 490 290 539 naturali
303 496 624 538 doctrinarum
637 497 834 537 omnium
853 496 1163 550 conjunctione
1172 512 1188 542 ,τ

84 578 329 632 argumento
366 585 459 617 cum
491 572 710 631 praeclaro
744 577 785 616 et
820 571 916 616 huic
948 586 1048 616 sane
1081 571 1191 616 doc-

84 649 287 694 trinarum
310 649 422 694 >festo
451 647 692 708 aptissimo,
723 655 811 693 tum
841 663 941 694 vero
972 649 1026 693 ad
1056 649 1193 694 maxi-

84 740 177 771 mos
207 740 422 784 quosque,
453 725 524 783 qui
550 725 621 770 hic
650 726 906 780 floruerunt,
941 725 1055 772 viros
1083 727 1196 771 cele-

84 799 272 848 brandos
292 803 747 860 accommodatissimo‘3
773 804 1049 849 vobisautem
1064 836 1077 858 ‚
1104 805 1198 848 Au-

86 880 271 934 ditores,
302 880 373 939 qui
405 895 514 925 nunc
548 881 726 925 maxime
761 881 805 924 in
831 880 907 926 'his
943 880 1199 925 solemnibus

88 957 299 1002 communi
336 957 621 1002 doctrinarum
657 972 799 1002 amore
840 957 1049 1017 flagratis,
1085 971 1197 1012 non,

90 1042 133 1079 ut
163 1049 368 1093 auguror,
398 1036 576 1092 ingrato.

118 1134 119 1137 ¹
148 1112 267 1170 Quae
287 1111 410 1156 fuerit
426 1111 632 1168 majorum
653 1118 890 1156 nostrorum
906 1110 949 1154 in
965 1110 1202 1155 Academiis

96 1188 322 1233 condendis
354 1188 739 1248 amplificandisque
768 1188 996 1233 liberalitas
1015 1221 1027 1241 ‚
1068 1177 1220 1247 nuper‘

96 1265 217 1309 nobis
241 1272 478 1324 opportune
501 1266 555 1309 ab
578 1265 858 1309 eruditissimo
873 1265 1014 1310 Holtio
1031 1273 1202 1319 nostro,

100 1357 221 1399 quum
256 1342 310 1386 ad
341 1342 422 1386 hoc
456 1344 604 1386 festum
639 1357 717 1386 nos
750 1350 1047 1401 praepararet,
1081 1342 1206 1387 docte

99 1416 296 1477 acuteque
341 1419 592 1478 gravissimis
631 1419 891 1463 documentis
938 1419 1207 1464 demonstra-

101 1504 189 1540 tum
212 1504 308 1542 cst.-
340 1497 581 1541 Usi'autem
606 1496 732 1541 iidem
762 1497 842 1541 hac
870 1497 915 1539 in
947 1512 993 1541 re
1017 1497 1209 1551 pruden-

98 1571 160 1616 tia
194 1588 351 1618 summa
386 1578 503 1619 sunt.·
557 1574 652 1617 Non
692 1573 751 1616 illi
786 1573 951 1618 scholas
972 1606 983 1627 ,
1016 1581 1060 1618 ut
1095 1574 1208 1632 apud

105 1657 264 1694 exteros
292 1651 468 1694 obtinui-t
488 1650 689 1703 subinde,
716 1651 798 1694 alio
813 1651 908 1694 loco
928 1650 1212 1708 Theologiae‚

108 1725 184 1769 alio
214 1727 574 1786 Jurisprudentiae
593 1759 604 1780 ‚
638 1727 719 1770 alio
756 1727 990 1771 Medicinae
1021 1726 1214 1771 institue-

110 1810 227 1858 runt3
262 1804 446 1863 ineptum
477 1804 769 1849 existimabant
804 1804 1068 1862 disjungere,
1108 1818 1220 1861 quae-

111 1878 254 1923 natura
287 1888 422 1925 essent
461 1882 705 1938 conjuncta:
751 1881 1003 1925 Academias
1040 1881 1098 1924 illi
1134 1882 1217 1926 sive

112 1955 430 2010 Universitates,
453 1971 538 2001 non
556 1957 794 2018 Facultates
819 1957 1118 2014 condiderunt;
1144 1972 1219 2002 so-

112 2033 270 2078 ciarunt
296 2041 430 2078 autem
454 2050 593 2079 earum
615 2033 781 2078 scholas
804 2035 1096 2080 communibus
1118 2035 1222 2094 phi-

114 2111 328 2169 losophiae
357 2111 705 2168 humanitatisque
738 2111 900 2157 studiis.
964 2112 1076 2156 Haec
1107 2113 1222 2157 scili-

116 2193 181 2230 cet
215 2187 345 2233 studia
378 2189 700 2235 adolescentium
727 2199 766 2235 et
795 2190 1002 2250 ingenium
1032 2193 1225 2237 excolunt

121 2272 159 2306 ct
191 2264 367 2309 animum
405 2265 658 2320 informant,
692 2282 776 2324 quo
811 2268 964 2313 certius
995 2268 1145 2313 deinde
1174 2269 1227 2312 ad

125 2342 316 2398 graviora,
351 2344 489 2388 omnia
532 2352 569 2388 et
608 2345 876 2404 percipienda
915 2352 954 2390 et
991 2346 1235 2405 peragenda
