1492 2896
298 315 380 354 20
695 303 1083 350 ORATIO.

328 445 370 487 in
392 442 539 502 primis
570 442 661 500 ipsa
689 440 827 484 divina
855 439 940 482 adit
967 438 1150 497 scripta,
1183 451 1316 494 eaque
1336 450 1447 480 noe-

329 537 453 572 turna
504 534 639 571 versat
696 526 928 581 diurnaque
969 537 1107 566 manu.
1210 522 1282 566 Sic
1323 535 1448 566 sacro

331 613 479 657 Codiei
520 627 616 656 suas
657 611 879 669 opiniones
918 623 1002 651 non
1037 607 1252 660 obtrudit,
1292 607 1367 651 sed
1388 607 1450 650 'ex

328 699 400 742 illo
436 698 650 741 veritatem
694 695 812 739 eruit.
875 694 947 738 Sic
986 693 1144 736 rivulos
1184 707 1271 736 non
1310 698 1453 736 secta-

329 791 422 835 tur,
455 782 528 826 sed
557 796 606 825 ex
637 781 732 839 ipso
761 778 938 837 limpido
977 778 1095 821 fonte
1131 776 1294 830 haurit,
1327 782 1452 832 atque

329 866 414 918 ita,
446 865 565 908 unice
594 880 691 908 vera
720 864 810 915 via,
844 863 896 905 ad
925 861 1137 919 religionis
1165 859 1318 919 placita
1347 873 1452 917 cog-

332 950 546 994 noscenda
578 948 798 1007 pervenire
825 939 1009 1003 quaerit.

391 1034 478 1078 Sed
511 1047 734 1091 germanus
756 1029 1040 1088 Philosophus
1068 1042 1154 1071 non
1184 1033 1345 1072 tantum
1375 1040 1458 1084 ap-

334 1118 519 1162 tissimus
547 1124 621 1160 est'
639 1116 693 1159 ad
717 1116 786 1158 illa
814 1114 969 1173 placita
999 1111 1308 1169 cognoscenda.
1368 1109 1459 1152 Va-

323 1203 391 1246 ¹let
425 1201 548 1245 etiam
577 1200 665 1257 ejus
694 1198 964 1258 philosophia
994 1197 1048 1259 ad
1074 1211 1122 1239 ea
1151 1198 1456 1239 aestimanda.

333 1287 441 1330 Nam
473 1285 674 1344 perspicit
697 1284 861 1327 illorum
889 1297 1041 1326 nexum
1072 1287 1111 1325 et
1146 1279 1459 1332 efficacitatem,

338 1387 439 1413 cum
499 1370 551 1413 ad
602 1369 786 1427 singulos
845 1367 1034 1410 homines
1090 1365 1374 1409 consolandos
1420 1371 1461 1409 et

337 1454 647 1507 emendandos,
680 1462 776 1495 mm
810 1452 864 1495 ad
898 1465 1045 1495 omnes
1075 1451 1118 1493 in
1153 1464 1278 1493 unam
1318 1449 1460 1493 socie-

336 1545 462 1582 tatem
504 1536 651 1581 intimo
687 1551 832 1580 amore
873 1535 1207 1593 conjungendos,
1295 1533 1461 1578 Etenim

338 1636 390 1665 ne
424 1636 551 1664 unum
592 1621 760 1677 quidem
802 1620 845 1662 in
885 1627 1029 1663 nostra
1069 1619 1269 1676 religione
1312 1618 1465 1676 dogma

340 1712 499 1758 exstat,
530 1704 645 1761 quod
675 1719 760 1747 non
789 1703 922 1747 tendit
948 1703 1002 1746 ad
1027 1717 1105 1746 nos
1141 1703 1231 1746 Deo
1265 1701 1465 1745 Christo-

342 1804 422 1846 que
474 1789 692 1833 similiores
741 1788 1008 1840 reddendos,
1078 1787 1233 1843 illoque
1287 1786 1462 1839 solatio,

343 1873 458 1930 quod
486 1888 584 1917 vere·
618 1873 786 1916 unicum
821 1872 1068 1916 mortalibus
1111 1871 1266 1915 (licitur
1302 1862 1465 1915 invita

343 1965 382 2002 et
415 1964 577 2009 morte,
623 1956 827 2001 beandos.
891 1957 937 1999 ln
968 1956 1114 2015 primis
1155 1963 1292 2000 autem
1323 1956 1367 1999 in
1395 1956 1465 1999 illa

342 2049 490 2100 regnat
522 2042 641 2085 locus
688 2041 739 2084 de
773 2044 865 2082 Dec·
892 2058 1008 2097 erga
1031 2043 1254 2082 hominem
1282 2027 1464 2092 amore,

342 2126 427 2169 imo
464 2124 534 2169 hic
569 2125 767 2184 princeps
811 2133 871 2168 cst
918 2124 1133 2170 dicendus.
1222 2127 1303 2166 Ita
1335 2126 1466 2166 Deus

342 2213 563 2252 mandam
594 2213 786 2261 dilexit,
818 2218 868 2251 ab
905 2212 1080 2251 Filiam
1117 2225 1252 2250 suzam
1302 2210 1469 2264 unige-

346 2298 492 2338 nitam
528 2297 737 2346 deflerit,
791 2302 868 2344 ῑιί,
927 2295 1133 2349 quisquis
1175 2295 1245 2334 illc'
1288 2295 1464 2344 credit,
