1492 2896
273 254 341 291 108
674 248 991 300 msoutsmo

270 362 366 401 Illud
391 359 485 398 enim
512 358 701 397 felicitatis
726 370 888 397 summae
917 369 953 397 et
983 359 1164 397 libertatis
1180 387 1193 407 ,
1220 359 1291 396 hoc
1317 370 1380 398 ve-

267 444 310 469 ro
344 430 523 468 malorum
558 428 723 466 omnium
756 437 794 466 et
829 429 1022 467 servitutis
1050 441 1131 468 esse
1156 429 1380 478 principium

269 500 461 539 contendit
486 499 571 549 (ι).

318 569 470 618 Itaque,
510 578 551 607 ut
585 568 686 607 hisce
722 569 866 606 tandem
903 568 1011 606 finem
1043 568 1258 616 imponam,
1286 569 1379 607 hanc

266 651 444 678 summam
475 651 606 687 cogere
640 639 752 684 licet,
789 637 967 676 libertatis
1003 637 1124 675 civilis
1159 638 1380 686 praesidium

264 709 406 748 civitati
443 710 544 749 nulla
578 709 647 746 alia
684 709 722 746 in
753 720 791 746 re
827 708 899 746 nisi
933 708 970 745 in
1008 708 1129 757 legum
1163 709 1267 746 cultu
1300 720 1381 747 esse

263 779 460 828 positum,
498 788 539 817 ut
574 780 667 829 leges
695 791 823 817 nervos
853 791 926 816 esse
958 780 1171 816 civitatium
1198 779 1282 827 J‘ure
1314 779 1381 816 ali-

265 849 414 895 quando
446 848 714 896 pronunciasse
740 849 922 887 Catonem
951 855 1122 896 appareat
1148 846 1234 897 (α).
1275 847 1382 897 Qua->

264 928 413 966 cunque
447 917 635 966 regiminis
669 917 788 955 forma
824 925 949 955 utatur
975 917 1133 964 civitas,
1159 917 1272 956 libera
1301 928 1381 955 esse

265 996 419 1035 potest,
454 989 566 1026 modo
603 999 698 1035 quae
734 989 833 1036 leges
870 988 1051 1036 imperant
1081 987 1253 1036 religiose
1277 999 1381 1027 exse·

266 1067 429 1106 quantur
449 1059 550 1097 cives
566 1087 578 1106 ‚
606 1059 717 1096 modo
740 1058 858 1096 bonae
886 1058 988 1107 ipsae
1012 1057 1088 1095 sint
1113 1059 1213 1107 leges
1229 1086 1242 1105 ‚
1269 1057 1379 1105 aequi

261 1129 420 1178 judices.
485 1130 573 1178 Quo
612 1140 699 1166 vero
736 1129 849 1177 magis
881 1129 961 1166 illae
1002 1128 1047 1166 ad
1083 1137 1234 1166 naturae
1262 1128 1377 1176 legem

266 1208 354 1236 sunt
387 1198 645 1246 compositae,
683 1198 722 1235 hi
766 1197 983 1245 aequiores,
1026 1209 1069 1235 eo
1104 1197 1232 1246 maJ‘ori
1271 1196 1378 1234 etiam

267 1267 444 1306 fruuntur
481 1278 609 1305 omnes
648 1267 815 1305 libertate
843 1267 974 1314 civili,
1011 1279 1103 1314 quae
1129 1276 1206 1304 tum
1233 1267 1378 1305 demum

265 1339 371 1386 plena
400 1337 470 1385 fit,
497 1349 609 1385 quum
647 1337 719 1386 ipsi
752 1337 852 1375 cives
879 1337 1043 1387 justitiae
1072 1348 1217 1386 semper
1243 1346 1279 1375 et
1303 1337 1378 1375 vir-

265 1407 357 1446 tutis
390 1417 479 1445 sunt
511 1408 687 1446 studiosi.
753 1407 953 1457 Denique,
995 1417 1036 1446 ut
1071 1409 1143 1446 hoc
1182 1419 1377 1455 moneam,

262 1478 309 1515 ad
338 1488 459 1515 veram
484 1477 630 1514 civilem
664 1477 866 1515 libertatem
904 1477 1047 1525 antiqui
1077 1479 1173 1516 haud
1201 1490 1378 1527 pervene-

264 1555 376 1594 runt,
403 1547 587 1595 siquidem
625 1547 786 1584 hominis
825 1547 1030 1586 libertatem
1066 1550 1266 1587 naturalem
1299 1560 1377 1587 non

265 1617 546 1656 venerabantur.
601 1617 723 1656 Civem
752 1618 845 1655 enim
866 1645 877 1664 ,
905 1628 980 1655 non
1008 1618 1185 1656 hominem
1214 1627 1379 1667 spectare

263 1695 377 1735 atque
398 1688 488 1725 adeo
512 1687 573 1735 jus
597 1687 780 1725 vindicare
806 1687 874 1725 sibi
905 1687 1072 1725 solebant
1097 1688 1134 1725 in
1152 1689 1376 1752 ⁴servitutem

267 1756 454 1804 redigendi
479 1768 726 1805 quoscunque
748 1758 806 1794 vel
825 1757 862 1794 in
886 1757 983 1794 bello
1002 1767 1174 1805 ceperant
1190 1759 1248 1796 vel
1265 1770 1380 1806 pecu-

267 1827 327 1865 nia
349 1837 509 1865 emerant
533 1829 592 1865 vel
616 1827 687 1865 aliti
714 1828 849 1873 quavis
876 1827 1017 1864 ratione
1043 1827 1114 1864 sibi
1142 1839 1380 1875 comparave-

267 1906 360 1935 rant.
409 1897 493 1934 Nos
521 1897 665 1934 demum
683 1925 694 1943 ,
718 1898 819 1944 quod
838 1897 1192 1944 praestantissimum
1218 1906 1273 1934 est
1295 1897 1379 1934 reli-

265 1968 387 2015 gionis
422 1967 656 2005 Christianae
687 1967 931 2014 beneficium,
961 1979 1004 2004 eo
1035 1967 1309 2016 processimus,
1337 1977 1379 2005 ut

266 2037 449 2074 hominem
476 2037 513 2074 in
535 2037 685 2074 homine
704 2048 921 2075 veneremur
942 2045 1053 2084 atque
1079 2038 1127 2075 ita
1143 2039 1244 2074 omni
1260 2037 1380 2075 homi-

268 2117 355 2144 num
369 2107 511 2155 generi,
528 2108 618 2155 quin
632 2107 748 2146 servis
763 2108 869 2145 etiam
882 2136 894 2155 ‚
913 2108 1080 2145 lubenter
1089 2107 1379 2155 prospiciamus.

309 2227 357 2268 (1)
382 2225 464 2255 Plat.
488 2228 598 2267 Epist.
624 2226 724 2257 vm.
746 2239 778 2265 p.
800 2226 871 2258 554.
894 2228 932 2256 c.
1273 2178 1293 2226 ἕ
1340 2191 1380 2217 ²⁰

310 2281 358 2319 (2)
391 2279 613 2320 Fragmentum
649 2284 754 2310 exstat
785 2292 835 2320 ap.
874 2281 1065 2312 Diomedem
1099 2280 1378 2319 Grammatieum,

268 2333 345 2363 Lib.
367 2334 393 2364 1.
419 2345 451 2372 p.
475 2335 555 2374 289,
581 2339 614 2363 ut
635 2334 756 2364 indicat
776 2334 863 2369 doct.
886 2336 918 2366 J.
943 2335 984 2365 H.
1007 2345 1065 2366 vau
1091 2334 1247 2373 Boihuis,
1262 2336 1379 2365 Diatr.

266 2389 301 2417 in
323 2388 369 2417 Μ.
392 2389 434 2417 P.
460 2388 636 2425 Catonem,
660 2397 692 2427 p.
717 2397 789 2428 219.
891 2386 902 2401 ⁶
