1492 2896
309 259 365 304 1⁴2
404 259 443 304 J.
461 259 507 303 L.
525 257 571 304 C.
592 257 950 304 SCHROEDER
966 271 1066 303 vAu
1081 273 1178 303 nnn
1192 253 1352 305 KOLK'

308 407 410 452 test,
466 413 598 456 aequo
641 398 778 442 animo
816 399 1135 457 perferendam,
1179 399 1253 444 sed
1293 399 1409 458 quod

307 475 593 535 gravissimum
632 483 721 528 est,
749 475 918 533 ejusque
949 476 1154 530 animum,
1187 491 1293 534 quae
1324 477 1412 535 ejus

308 560 370 598 est
395 553 525 611 pietas
553 568 651 611 erga
686 553 847 605 Deum,
878 566 1144 612 summopere
1176 554 1409 599 exhilarare

304 637 464 689 potest,
493 637 589 674 sunt
621 630 657 673 ei
688 644 790 688 prae
815 629 951 673 multis
979 629 1067 674 aliis
1096 630 1140 673 in
1163 645 1238 675 sua
1261 644 1410 676 senec-

302 713 389 750 tute
432 720 632 750 concessa
674 722 698 749 a
729 707 822 750 Deo
851 707 1059 765 benigno,
1094 723 1124 751 a·
1147 722 1231 765 quo
1267 709 1406 753 omnia

301 790 396 827 sunt
427 790 572 827 nostra
607 783 744 834 bona,
777 783 848 840 qui
879 783 986 828 vires
1014 798 1109 828 suas
1140 784 1406 839 sustentavit,

300 860 549 903 voluntatem
577 875 694 903 suam
723 860 925 913 firmavit,
956 864 1028 917 qui
1052 860 1134 919 ipsi
1163 860 1278 906 dedit
1307 868 1409 906 tan-

302 943 385 980 tam
420 937 681 989 facultatem,
712 944 758 980 ut
798 936 850 980 de
886 936 997 990 aliis,
1026 936 1159 994 iisque
1190 937 1407 997 permultis

301 1021 425 1070 atque
478 1013 730 1072 gravissimis
776 1014 819 1057 in
869 1015 994 1058 rebus
1048 1014 1203 1074 optime
1254 1017 1404 1059 mereri

299 1091 494 1150 potuerit.
519 1117 576 1127 —-
600 1092 752 1149 Pei-gat
785 1091 897 1135 Deus
924 1091 1009 1148 ejus
1031 1105 1119 1136 esse
1150 1091 1330 1148 adjutor.
1351 1113 1404 1123 —

300 1169 480 1226 Benigne
515 1169 551 1213 ei
577 1175 793 1213 conservet
815 1168 941 1211 animi
965 1168 1242 1227 corporisque
1272 1168 1403 1221 vires,

301 1252 498 1302 quantum
538 1244 668 1304 ipsius
703 1245 746 1288 id
785 1245 985 1303 permittit
1022 1252 1149 1289 aetas.
1190 1270 1248 1280 -
1290 1245 1405 1290 Talis

300 1324 489 1380 profecto
517 1323 591 1366 Vir
613 1330 780 1366 nostrae
810 1322 1060 1366 Academiae
1090 1329 1215 1379 atque
1240 1322 1405 1367 studio-

297 1416 367 1445 sae
416 1408 584 1444 nostrae
630 1400 863 1444 Juventutis
919 1399 1152 1445 commodis
1204 1399 1403 1444 inservire

296 1492 379 1521 non
423 1478 594 1521 desinet.
639 1504 689 1511 -
736 1478 831 1535 lpse
866 1478 972 1521 enim
996 1508 1007 1526 ‚
1060 1477 1095 1521 si
1135 1477 1228 1534 quis
1270 1477 1402 1530 alius,

295 1554 439 1598 didicit
470 1555 526 1598 uti
566 1561 724 1605 aetam,
769 1562 892 1611 atque
935 1568 1041 1612 opus
1080 1569 1196 1599 suum
1240 1555 1400 1608 facere,

297 1632 395 1675 dum
433 1639 495 1675 est
524 1631 624 1675 dies.
1000 1672 1001 1675 ,
1076 1655 1078 1658 >

349 1707 445 1751 Jam
493 1708 545 1751 ad
583 1714 623 1751 te
669 1722 737 1750 me
776 1713 999 1756 converto,
1052 1705 1122 1748 Vir
1166 1705 1400 1750 Clarissima

295 1786 502 1838 Vinkc‚
538 1799 658 1841 quem
700 1784 909 1842 Collegam
942 1797 1049 1826 nunc
1080 1782 1246 1842 publice
1285 1782 1400 1826 salu-

297 1870 385 1907 tare
427 1876 552 1920 posse
590 1861 765 1919 gaudeo.
812 1885 860 1891 -
909 1860 1121 1917 Quantum
1164 1859 1240 1903 tibi
1276 1874 1399 1904 curae

297 1939 375 1991 sit,
436 1946 560 1996 atque
603 1938 749 1990 suerit,
798 1937 1089 1996 Praeceptoris
1127 1935 1400 1991 dilectissimi,

297 2017 362 2060 cui
404 2016 522 2060 datus
564 2030 607 2059 es
649 2015 903 2067 Successor,
963 2013 1140 2072 vestigiis
1190 2013 1399 2066 insistere,

297 2101 454 2150 quanto
477 2106 619 2136 amore
648 2099 688 2135 et
713 2091 862 2150 pietate
896 2106 986 2134 eum
1008 2089 1296 2149 complectaris
1312 2122 1324 2142 ,
1354 2090 1399 2133 id

293 2179 363 2215 tua
401 2170 602 2215 Oratione
634 2168 865 2226 inaugurali
895 2167 1129 2226 prodidisti.
1182 2190 1231 2198 -
1284 2166 1397 2224 Quid

293 2248 417 2304 igitur
454 2246 686 2305 exoptatius
721 2245 795 2289 tibi
831 2244 1017 2288 accidere
1047 2251 1210 2302 potest,
1271 2258 1395 2300 quam

297 2332 338 2368 ut
366 2341 411 2368 ca
448 2325 586 2377 dona,
635 2337 740 2380 quae
773 2322 853 2381 ipsi
890 2322 1101 2378 hucusque
1144 2319 1292 2377 largita
1338 2327 1397 2364 est
