1492 2896
423 290 462 336 Ο
492 291 532 335 R
563 288 608 334 Λ
632 291 669 334 Τ
699 291 716 334 l
747 290 798 334 Ο.
1096 288 1173 361 53.

94 430 294 488 >Quantos
322 430 366 474 in
400 433 512 475 omni
538 431 845 490 disciplinarum
875 443 1022 488 genere
1049 443 1155 488 pro-

51 520 216 564 gressus
247 507 480 565 complures
509 514 677 551 nostrae
708 507 955 551 Academiae
989 506 1155 550 Alumni

49 582 131 628 hoc
173 597 283 627 anno
330 583 527 637 fecerint,
567 584 782 643 praeclara
825 584 877 627 ab
924 583 1002 627 illis
1043 583 1153 628 edita

50 658 265 704 doctrinae
307 660 534 719 specimina
577 660 713 718 palam
762 666 995 712 testantur,
1049 659 1157 705 inter

50 751 156 793 quae
197 736 521 783 Dissertationes
553 735 944 788 elaboratissimam
962 735 1157 780 occasio-

50 826 103 856 ne
153 813 245 857 festi
283 811 504 858 saecularis
537 813 701 871 publice
742 812 960 865 defensae,
1007 811 1156 858 merito

49 888 290 934 referendae
314 896 422 934 sunt.
466 914 520 925 —-
565 889 708 945 Neque
745 895 883 933 tamen
913 894 1047 932 vestra
1074 900 1157 929 no-

50 964 161 1007 mina
201 959 588 1023 ‘praetermittenda
641 970 736 1007 sunt
765 995 777 1014 ‚
822 963 1002 1007 Juvenes
1038 977 1158 1020 egre-

51 1039 133 1097 gii,
194 1040 265 1097 qui
316 1040 359 1084 in
406 1040 630 1084 Academia
679 1038 869 1085 Leidensi
923 1039 1006 1082 hoc
1048 1052 1158 1082 anno

49 1115 245 1175 praemiis
272 1130 275 1133 ¹
302 1116 436 1160 aureis
501 1123 542 1160 et
602 1116 833 1159 honoribus
886 1114 1018 1161 ornati
1074 1112 1160 1160 fui-

49 1191 118 1236 tis.
145 1221 197 1228 —
225 1191 342 1236 Talis
372 1192 478 1237 enim
505 1193 595 1236 laus
626 1191 681 1235 ab
706 1191 854 1234 ordine
885 1190 1160 1235 Mathemati-

50 1281 194 1313 corum
215 1275 254 1313 et
269 1268 541 1329 physicorum
567 1268 714 1326 obtigit
734 1300 745 1320 ‚
758 1275 843 1312 tum
862 1267 1001 1312 Fock
1013 1282 1068 1311 en
1081 1267 1159 1310 sio

52 1351 217 1399 nostro,
259 1345 324 1389 cui
357 1353 455 1405 post
480 1346 618 1404 plures
647 1345 862 1398 victorias,
887 1330 955 1388 hic
993 1351 1032 1388 et
1062 1345 1160 1388 alibi

52 1420 315 1479 reportatas,
341 1422 489 1466 iterum
518 1422 655 1481 palma
703 1420 798 1467 data
827 1428 918 1476 est3
950 1429 1036 1468 tum
1062 1420 1158 1468 dili-

58 1498 302 1556 gentissimo
343 1487 844 1557 nostroMargareto
890 1497 1160 1544 Cornelio

54 1569 328 1620 Verloren
365 1575 407 1619 in
442 1575 587 1621 eodem
631 1574 800 1625 ordine,
832 1575 884 1617 de
918 1575 1160 1630 quaestione

53 1651 290 1709 Zoologica,
305 1659 391 1696 tum
408 1651 584 1709 denique
604 1650 870 1694 ornatissimo
887 1650 918 1693 V
934 1665 957 1693 a
969 1650 1006 1692 il
1022 1650 1032 1691 l
1047 1665 1068 1693 a
1080 1656 1161 1702 nt,

55 1727 121 1771 cui
154 1728 549 1772 Jurisconsultorum
578 1728 685 1772 ordo
716 1726 994 1773 testimonium
1020 1726 1159 1773 hono-

53 1802 211 1847 rificum
241 1804 411 1860 largitus
444 1811 517 1848 est.

110 1878 224 1923 Haec
268 1879 444 1936 denique
481 1880 712 1936 diligentiae
759 1879 903 1924 merita
959 1885 1161 1922 testantur

53 1954 232 1999 Juvenes
262 1955 411 2013 egregii
440 1955 482 1998 in
528 1955 760 1999 Certamine
791 1955 974 2000 litei-ario
1015 1953 1160 1999 Victo-

56 2046 154 2086 res3
185 2044 291 2087 quos
321 2038 367 2075 ut
391 2032 560 2090 publice
586 2031 781 2090 praemiis
812 2046 954 2075 ornem
975 2064 985 2083 ‚
1018 2032 1160 2074 Virmn

59 2105 340 2150 Clarissimum
370 2107 475 2150 Hol
493 2106 645 2160 tium,
670 2107 738 2163 qui
769 2106 940 2151 Senatui
967 2109 1024 2150 ab
1057 2110 1160 2152 actis

60 2187 147 2236 est3
190 2189 379 2240 rogatum
415 2183 561 2236 velim,
619 2191 663 2226 ut
709 2183 859 2239 judicia
904 2183 1161 2232 Facultatum

61 2258 179 2303 nobis
189 2259 400 2316 praelegat
417 2275 429 2314 3
451 2259 493 2302 in
516 2266 775 2303 antecessum
793 2267 927 2303 autem
949 2261 1050 2303 mihi
1067 2276 1162 2304 mo.-

63 2335 238 2383 nendum
284 2342 370 2388 est,
421 2335 570 2384 ordini
609 2336 867 2385 Medic-orum
910 2337 1040 2383 nullas
1080 2352 1163 2395 pro
