1492 2896
445 279 840 327 ORATIO„
1143 281 1196 326 19

82 422 234 466 victum
285 427 326 467 et
365 422 588 467 commoda
630 423 737 468 vitae
795 430 890 468 sunt
927 424 1190 480 necessaria,

79 512 218 542 verum
258 499 378 543 etiam
414 498 606 544 meliores
642 507 682 545 et
727 500 912 546 utiliores
955 502 1187 549 reddantur

76 574 280 619 societati.
354 576 469 633 Quot
504 577 616 635 asyla
657 584 800 636 aperta
845 585 940 624 sunt
975 577 1182 637 aegrotis!

77 658 180 707 quot
231 651 432 696 senibus!
493 653 660 710 Quanta
699 654 910 712 diligentia
948 662 989 700 et
1025 656 1185 701 carita·

71 734 112 771 te
147 728 407 787 accipiuntur
440 736 480 774 et
510 736 766 784 tractantur,
811 731 884 788 qui
935 732 1181 790 parentibus

69 813 166 850 sunt
197 805 363 860 orbati,
405 806 553 860 coeci,
584 807 868 862 surdo-muti,
915 808 1065 867 aliique
1102 825 1181 855 va-

66 883 141 927 riis
172 883 360 927 cladibus
390 882 560 928 affecti!
603 885 653 928 Id
681 884 814 929 ubivis
853 892 1068 943 spectatur
1106 887 1178 931 in-

65 959 240 1019 primis,
281 967 326 1004 ut
355 959 533 1005 honesta
562 960 616 1005 sit
654 961 843 1020 ipsorum
887 962 1103 1017 educatio,
1134 968 1181 1008 ut

64 1035 191 1094 probi
222 1035 325 1079 fiant
351 1036 483 1090 cives,
515 1046 653 1094 eaque
669 1037 859 1090 discant,
901 1038 1052 1095 quibus
1094 1039 1186 1085 sibi-

61 1112 233 1169 aliisque
261 1112 464 1172 prodesse
492 1113 669 1172 possint.
702 1139 760 1149 -
788 1114 908 1172 Quae
930 1115 965 1160 si
987 1123 1173 1162 contem-

60 1190 249 1248 plamur,
311 1190 472 1233 mirum>
498 1191 627 1235 nobis
665 1191 852 1237 videatur
879 1207 1048 1237 necesse
1079 1202 1185 1249 est„

57 1273 122 1309 tot
144 1280 251 1314 ,esse
276 1266 320 1310 in
349 1274 493 1311 nostra
536 1267 675 1313 Patria
705 1283 805 1328 erga
839 1269 941 1314 alios
966 1271 1170 1327 miseros,

59 1344 132 1401 qui
165 1338 316 1388 nostro
363 1344 513 1404 auxilio
555 1345 771 1404 indigent,
822 1347 1090 1406 benign-itatis
1130 1356 1172 1394 et

55 1419 314 1465 liberalitatis
345 1420 526 1475 indicia,
556 1422 631 1466 sed
668 1423 757 1467 fere
793 1424 904 1468 nulla
927 1430 1033 1483 'erga
1068 1439 1166 1478 eos,

57 1497 129 1554 qui
151 1505 288 1542 mente
305 1506 406 1542 'sunt
440 1498 620 1544 alienati⁶
670 1500 861 1545 Minusne
895 1502 1020 1559 igitur
1043 1516 1167 1547 com-

58 1573 298 1619 miseranda·
338 1582 400 1620 est
447 1590 592 1620 eorum
632 1590 751 1630 sors,
803 1585 928 1634 quam
950 1622 953 1629 ,
978 1579 1170 1637 reliquu-

56 1653 184 1696 rum?
229 1652 364 1696 Immo
398 1667 499 1697 vero
543 1653 674 1697 multo
712 1653 838 1699 etiam
877 1654 1023 1712 magis.
1080 1656 1169 1700 Mi-

55 1727 208 1771 sei-rsit
246 1742 433 1787 pauper,
473 1727 598 1772 miser
631 1730 906 1787 parentibus,
938 1731 1050 1783 visu,
1087 1747 1165 1775 au-

56 1804 144 1848 ditu
193 1805 391 1859 orbatus,
451 1804 576 1848 miser
617 1820 743 1850 senex
790 1806 934 1850 fractis
981 1806 1166 1863 viribus;

55 1881 128 1925 sed
157 1884 337 1939 quaeso!
377 1882 492 1939 cujus
522 1881 689 1925 miseria
729 1895 823 1926 cum
855 1895 998 1928 eorum
1039 1882 1168 1927 mise·-

51 1958 117 2003 ria-
142 1958 379 2017 comparari
409 1965 575 2016 potest,
623 1958 694 2015 qui
730 1958 905 2003 rationis
943 1951 1034 2005 luce
1070 1962 1166 2004 sunt

52 2035 217 2088 orbat-i,
263 2050 441 2092 quorum
475 2035 661 2097 conditio
701 2034 875 2079 inferior
915 2050 1003 2081 esse
1045 2037 1166 2081 vide-0

13 2113 155 2167 stur,
207 2127 332 2170 quam
375 2111 624 2156 animalium.
710 2112 807 2169 Quo
849 2112 986 2169 major
1025 2121 1162 2158 autem

55 2198 115 2234 est
140 2189 334 2243 miseria,
363 2189 590 2248 praecipue
616 2202 785 2242 eorum,
817 2190 888 2246 qui
913 2190 957 2233 in
984 2205 1032 2235 ea
1062 2206 1163 2250 per-2

50 2265 220 2310 terenda
253 2266 375 2324 culpa
407 2272 576 2320 carent,
607 2280 658 2310 eo
684 2266 820 2323 major
853 2266 1162 2314 commiseratio

50 2358 137 2388 esse
161 2343 285 2387 debet
300 2375 313 2395 ,
343 2356 477 2399 eoque
501 2342 635 2400 magis
660 2350 724 2387 est
748 2343 792 2387 in
822 2343 1133 2390 nostro-officio
1148 2373 1161 2400 ,

899 2424 928 2464 2
942 2423 964 2444 Ω
