1492 2896
258 238 651 281 PHILOSOPHICO
664 262 680 270 -
694 238 1001 278 HISTORICA.
1141 244 1188 283 47

82 352 216 393 bantur
250 351 389 401 patriae
423 353 620 400 legumque
655 349 887 396 reverentia,
915 349 1012 386 illam
1040 346 1078 384 in
1105 343 1194 382 deii-

80 423 148 463 ciis
170 422 330 470 habere,
370 424 435 462 has
463 431 635 470 tanquam
665 419 833 458 dominas
862 419 984 457 colere
1010 415 1198 455 doceban-

78 500 155 532 tur.
193 492 407 530 Firm'abant
434 492 527 529 hanc
555 490 786 539 disciplinam
812 499 898 526 eum
925 489 1086 536 poetae,
1115 493 1195 523 tum

79 561 264 612 imprimis
305 563 401 600 clara
439 562 619 611 maJ'orum
663 559 842 598 facinora.
923 556 1074 596 Cecinit
1114 554 1200 593 inde

79 621 284 672 Pindarus:
336 661 360 682 ‚,
374 633 493 682 Νόμος
530 632 673 672 πάντων
705 631 881 679 βασιλεὺς
915 630 1051 668 θνατῶν·
1068 643 1109 667 ατε
1139 625 1199 666 καὶ

81 696 298 745 adduam?
327 703 423 752 (1);
453 701 625 740 dixerunt
663 698 835 738 similiter
870 697 1084 746 complures
1109 694 1199 741 alii,

83 780 127 811 ut
145 783 222 811 non
249 772 357 811 facile
382 772 481 810 inter
506 770 684 819 antiquos
702 768 964 815 inveniantur,
992 766 1085 815 quin
1105 759 1205 815 ejus-

86 841 188 881 modi
210 844 333 892 legutn
371 837 564 880 servitium
599 839 951 878 commendaverint.
1018 837 1098 875 Hac
1125 835 1209 884 opi·

85 912 199 951 nione
215 912 382 952 imbutus
404 911 719 951 Lacedaemonius
749 910 897 958 quidam
917 937 930 956 ,
955 909 1206 956 interrogatus

85 994 155 1020 cur
181 981 226 1019 de
251 982 411 1031 antiquo
435 983 517 1031 Jure
543 981 823 1019 Lacedaemone
848 980 943 1017 nihil
969 979 1096 1018 liceret
1118 988 1209 1016 con-

85 1052 246 1089 vellere:
291 1080 315 1099 „
329 1053 424 1095 Τοὺς
458 1053 581 1100 νόμους
594 1051 636 1097 ‚”
670 1051 819 1098 inquit,
855 1056 965 1099 „mliv
989 1052 1143 1100 ἀνδρῶν,
1169 1051 1209 1089 οὐ

86 1123 167 1166 τοὺς
188 1121 323 1169 ’ἄνδρας
348 1126 416 1162 τῶν
444 1122 581 1169 νόμων,
605 1123 738 1171 κυρίους
761 1121 848 1161 εἶναι
870 1120 957 1162 δεῑ”
971 1121 1063 1170 (2),
1090 1131 1208 1167 quum

86 1184 231 1229 ‘scilicet
265 1191 340 1245 iis,
382 1202 475 1239 quae
512 1203 606 1239 puer
644 1192 833 1238 audierat,
869 1202 1088 1240 persuasum
1133 1189 1209 1228 sibi

87 1262 266 1308 haberet,
304 1264 379 1310 „rb
406 1263 586 1303 πείθεο-θαι
610 1263 782 1312 μέγιστον
811 1265 949 1310 ἀγαθὸν
977 1261 1066 1303 εἶναι
1088 1262 1148 1302 καὶ
1173 1263 1209 1301 ἐν

98 1334 202 1375 πόλει
233 1334 292 1374 καὶ
328 1335 365 1375 ἐν
388 1339 542 1383 στρατιᾷ
567 1332 626 1373 καὶ
655 1335 690 1374 ἐν
715 1333 822 1383 οἵκῳ”
847 1332 932 1381 (3).
991 1330 1209 1381 Repetenda

95 1402 256 1451 denique
293 1403 406 1450 inde,
448 1414 542 1451 quae
581 1403 733 1442 Philisci
775 1404 820 1441 de
858 1402 1051 1442 Thebanis
1090 1409 1211 1441 exstat

259 1468 261 1471 ’
1136 1472 1216 1521 pal·

131 1540 181 1596 (ι)
205 1555 374 1586 Invenitur
393 1555 456 1586 hoc
475 1556 687 1596 fragmentum
711 1557 746 1586 in
768 1555 903 1586 Pindari
922 1554 1028 1586 Carm.
1050 1554 1129 1585 Vol.
1144 1553 1214 1585 111.

89 1608 126 1640 P.
150 1609 178 1640 Ι.
198 1619 232 1649 p.
254 1610 305 1651 76.
331 1609 392 1640 Ed.
419 1609 526 1650 Heyn.
550 1625 585 1632 --
631 1609 723 1639 Plato
752 1609 914 1640 laudatam
940 1609 1130 1639 sententiam
1155 1618 1213 1639 re·-

88 1663 186 1702 ⁸pieit
204 1665 349 1704 Protag.
369 1675 403 1703 p.
426 1665 498 1705 357.
521 1663 565 1693 D.
590 1667 623 1693 et
648 1665 686 1694 de
707 1665 811 1705 Legg.
839 1663 919 1694 Lib.
941 1662 1013 1695 111.
1037 1673 1070 1702 p·
1084 1662 1158 1704 690.
1173 1661 1212 1693 B.

92 1716 224 1747 Plenior
243 1728 321 1747 vero
343 1717 433 1757 apud*
451 1717 587 1747 eundem
614 1718 760 1747 occurrit
787 1718 889 1758 Gorg.
912 1727 947 1755 p.
963 1715 1038 1747 434.
1060 1717 1119 1752 B„
1145 1725 1213 1756 quo

93 1770 166 1801 loco
191 1771 365 1810 Callicles,
387 1782 485 1802 vanae
511 1771 568 1800 ille
597 1769 821 1809 sophistarum
845 1770 1021 1808 sapientiae
1041 1769 1219 1803 studiosis·—

94 1824 213 1862 simus,
243 1824 320 1854 dum
347 1827 468 1867 Legem
491 1826 577 1854 inter
609 1828 642 1854 et
670 1826 840 1854 Naturam
868 1823 1060 1863 distinguit,
1083 1823 1217 1854 Pindari

91 1887 205 1909 versus
223 1882 332 1917 aperte
358 1879 392 1907 in
418 1889 486 1908 rem
506 1889 592 1908 suam
607 1877 771 1909 convertit
786 1897 795 1914 ,
821 1877 1134 1917 statuensju‘stitiam
1147 1888 1214 1908 esse

95 1936 136 1969 τὶ
161 1936 225 1968 τοῦ
246 1936 439 1977 κρείττονος
464 1935 654 1978 συμφέρον,
690 1957 717 1973 ,,
734 1937 858 1967 omissis
883 1947 965 1980 quae
988 1939 1084 1977 potita
1099 1960 1109 1975 ,
1137 1938 1216 1969 lau-

95 1989 190 2018 dator
217 1990 311 2030 aequi
340 1990 504 2029 bonique,
533 1989 584 2019 his
609 1990 770 2030 adjecerat
789 1990 940 2026 vicina’'‚
973 1995 1009 2021 ut
1032 1991 1071 2020 ad
1090 1992 1212 2027 Herod,

95 2040 258 2073 Lih.111.
280 2054 309 2073 c.
324 2043 375 2073 58.
398 2043 443 2072 ait
467 2042 714 2074 Valckenaer.-
747 2044 798 2074 De
819 2044 882 2082 iis,
908 2045 966 2084 qui
985 2049 1115 2083 praeter
1138 2046 1218 2075 Pla-

97 2101 203 2127 tonem
217 2097 405 2126 sententiam
425 2097 622 2128 l'indaricam
637 2097 872 2135 adhibuerunt,
893 2096 983 2129 vidd.
1000 2098 1215 2132 Valckenner.

96 2153 130 2179 et
144 2148 341 2188 VVessciing.
364 2149 402 2178 ad
418 2149 541 2181 Herod.
569 2151 632 2181 1.1.
653 2155 685 2180 et
707 2151 849 2190 Heynius
870 2151 904 2180 in
929 2156 1041 2184 annot.
1067 2153 1107 2181 ad
1133 2153 1215 2183 Pin-

96 2203 165 2233 dari
185 2213 296 2234 versus
315 2203 372 2232 cit.
403 2203 454 2233 Cf.
478 2203 566 2234 Nob.
590 2203 628 2233 de
644 2203 732 2233 Gecr
752 2203 813 2234 1.1.
836 2213 867 2240 p.
881 2214 934 2235 22.

140 2256 187 2295 (α)
215 2255 377 2285 Plutarch.
400 2257 524 2286 Lacon.
535 2257 782 2297 Apophtlzegm.
798 2256 875 2286 Vol.
886 2257 950 2287 VI.
965 2268 994 2295 p.
1007 2258 1079 2290 860.
1102 2260 1153 2291 Cf.
1166 2261 1215 2291 si·-

100 2308 172 2337 miie
197 2309 324 2338 effatum
350 2308 432 2347 apud
459 2309 537 2338 l’lnt..
560 2311 672 2350 Epist.
691 2309 791 2340 vm.
818 2321 850 2349 p.
866 2310 935 2341 854.
960 2311 999 2341 C.

141 2362 189 2401 (3)
214 2362 365 2400 Xenoph.
386 2363 422 2391 de
439 2364 522 2402 R‘¹l’·
549 2364 666 2393 Laced.
690 2374 717 2393 c.
741 2364 772 2394 8.
799 2367 824 2401 §-
848 2364 878 2395 3.
