1492 2896
300 249 705 302 ›pnitosopfflco
720 282 734 290 -
750 247 1053 301 His'roch'.
1172 249 1248 307 ισς

139 374 233 422 quae
253 374 461 420 temporum
490 373 649 410 decursu
674 371 753 408 tota
775 369 851 408 fere
877 370 1027 409 evanuit
1050 370 1132 419 (ι).
1172 370 1249 409 Co-

137 441 238 480 mitia
263 450 380 479 autem
408 441 538 490 populi
570 453 614 479 ex
642 441 733 479 urbe
759 440 903 479 sublata
931 441 967 479 in
992 451 1110 479 castra
1134 441 1250 479 Tibe·

136 513 213 550 rius
238 511 427 550 transtulit
453 512 537 562 (α’).
600 512 677 550 Vix
714 511 808 549 enim
834 510 883 548 ‘id
919 500 1097 560 temporis
1125 511 1248 549 civilis

136 582 278 619 Romae
300 581 393 619 ratio
426 582 644 629 obtinebat3
680 581 745 620 sed
771 580 918 619 militari
943 581 1069 629 potius
1088 571 1258 619 'uteban-⁴

135 643 210 690 tfur.
267 651 328 691 Sic
368 653 503 690 sensim
540 652 731 690 imminuta
771 650 960 698 fractaque
999 660 1055 689 est
1093 640 1250 689 Senatus

135 716 349 770 Populique
372 723 539 771 majestas
564 722 678 770 inque
700 722 945 771 Imperatores
971 731 1007 760 et
1032 720 1166 759 milites
1191 721 1252 758 de-

138 793 222 830 lata.
274 793 409 840 Neque
445 791 544 830 aliud
572 792 661 840 quid
692 793 787 830 velle
816 792 977 830 Romani
1003 791 1250 836 videbantur,

138 852 319 910 siquidem
346 864 615 911 Imperatores,
646 864 710 910 qui
735 864 838 911 ipsos
868 865 914 901 ad
942 862 1118 909 antiquos
1150 872 1256 899 revo-

137 942 221 971 care
246 945 368 971 mores
397 941 647 980 conarentur,
676 934 762 972 odio
790 933 916 971 haberi
942 933 1126 970 solebant.
1177 931 1258 970 Pa'-

139 1006 200 1041 n'es
225 1004 463 1051 postulabant
492 992 531 1042 et
556 1004 755 1042 Circenses.
811 1004 935 1041 Totos
964 1015 1004 1040 se
1026 1003 1160 1040 dabant
1186 1014 1255 1040 vo-

139 1074 346 1121 luptatibus
379 1074 569 1122 explendis
604 1073 787 1121 festisque
818 1074 1074 1118 celebrandis,
1116 1083 1156 1110 ut
1191 1073 1258 1121 qui

139 1142 343 1192 Imperator
375 1144 572 1192 plurimum
599 1144 767 1192 ipsorum
799 1143 1069 1191 cupiditatibus
1089 1143 1256 1192 indulge·

141 1223 221 1261 ret,
249 1214 280 1251 is
307 1226 393 1262 prae
419 1213 594 1253 omnibus
620 1225 720 1252 esset
745 1214 902 1253 dilectus
925 1215 1008 1263 (3).

153 1292 164 1298 ·
193 1282 298 1334 Quae
329 1294 451 1322 autem
486 1284 600 1322 fuerit
641 1284 743 1322 hisce
782 1284 1015 1332 temporibus
1047 1283 1257 1333 juventutis

144 1355 350 1393 educandae
374 1355 496 1402 ratio,
528 1355 591 1393 vix
619 1350 716 1403 opus
747 1366 804 1392 cst
835 1365 875 1393 ut
906 1366 1087 1392 moneam.
1143 1354 1256 1392 Vitiis

146 1425 184 1463 in
214 1434 320 1463 utero
350 1437 462 1474 paene
492 1425 616 1463 matris
644 1425 863 1474 conceptis,
901 1425 1111 1463 tradebatur
1137 1424 1257 1462 infans

113 1509 117 1512 ·
145 1494 350 1533 Graeculae
376 1496 552 1541 ancillae,
578 1495 640 1534 cui
659 1494 926 1545 adjungebatur
952 1507 1049 1532 unus
1073 1508 1091 1533 e
1111 1491 1229 1533 s'ervis
1248 1524 1261 1543 ‚

146 1566 364 1613 plerumque
397 1565 627 1613 vilissimus,
665 1577 733 1604 nec
766 1566 938 1615 cuiquam
970 1567 1068 1607 serio
1096 1566 1265 1607 ministe-

147 1635 204 1672 rio
232 1637 549 1675 accommodatus.
604 1637 686 1674 Nec
725 1638 922 1685 quisquam
957 1637 996 1675 in
1032 1647 1111 1675 tota
1150 1638 1262 1674 domo

147 1705 420 1754 repet-lebatur,
448 1707 513 1754 qui
540 1708 645 1755 pensi
671 1707 842 1752 haberet,
869 1707 960 1755 quid
978 1720 1099 1745 coram
1123 1706 1261 1745 infante

150 1774 301 1811 domino
327 1786 390 1812 aut
416 1775 550 1814 faceret
576 1785 639 1814 aut
664 1776 830 1818 diceret3
865 1777 935 1825 ipsi
976 1778 1067 1816 adeo
1095 1789 1263 1826 parentes

152 1854 220 1882 nec
255 1844 431 1893 probitati
464 1857 585 1893 neque
613 1847 814 1885 modestiae
839 1848 1013 1895 parvulos
1042 1848 1264 1887 adsuefacie-

1148 1919 1235 1957 bant
1251 1948 1263 1966 ,

197 2008 245 2052 (ι)
269 2010 448 2042 Libertatis
471 2018 578 2043 autem
604 2016 836 2055 recuperandae
862 2018 1063 2049 occasionem
1088 2019 1148 2049 etsi
1173 2029 1267 2058 saepe

153 2070 264 2095 nactus
289 2070 338 2095 est
361 2071 472 2105 postea
499 2067 655 2105 Senatus,
685 2073 787 2099 tamen
812 2072 955 2110 arripere
975 2072 1137 2112 neglexit,
1160 2085 1266 2114 quan-

154 2118 329 2160 doquidem
358 2131 417 2150 una
445 2132 518 2152 cum
547 2125 659 2153 amissa
692 2123 842 2154 libertate
875 2136 968 2156 sensu
994 2127 1072 2156 item
1105 2127 1268 2158 libertatis

155 2173 302 2203 destituti
326 2174 422 2204 fuisse
442 2174 576 2206 Romani
602 2177 765 2208 videntur.
811 2178 887 2210 Vid.
914 2180 966 2210 cl.
993 2181 1096 2220 Heyn.
1117 2183 1214 2213 Orat.
1229 2184 1268 2212 cle

159 2227 254 2257 vanis
270 2228 413 2258 Senatus
432 2231 530 2260 Rom.
554 2231 731 2261 conatibus
753 2233 955 2264 restituendi
971 2234 1163 2266 libertatem
1184 2238 1269 2279 reip.

159 2289 238 2318 quae
260 2285 362 2310 exstat·
384 2284 505 2323 Opusc.
532 2283 607 2314 Vol.
632 2284 694 2314 lV.
716 2296 748 2324 p.
772 2285 844 2316 515.
865 2297 938 2328 sqq.

201 2332 248 2373 (2)
272 2334 377 2368 Tacit.
399 2335 421 2364 Ι.
444 2336 468 2366 1.
490 2347 517 2366 c.
541 2337 590 2367 15.

203 2386 249 2427 (5)
273 2387 323 2419 Cs.
348 2399 406 2419 van
427 2390 487 2420 den
511 2390 656 2430 velden,
685 2393 708 2424 1.
729 2392 751 2423 1.
772 2404 805 2433 p.
832 2405 897 2426 ιιι.
