1492 2896
443 260 830 311 ORATIO.
1149 261 1203 303 27

87 419 252 464 sontes,
294 424 379 454 non
418 408 662 453 criminibus
693 405 1043 456 adnumerentur,
1091 419 1201 461 quo-—

85 490 196 538 uia-m
227 489 337 546 leges
352 486 449 530 huic
463 485 524 529 rei
549 500 594 529 se
618 483 843 527 admodum
874 483 1012 525 faciles
1042 489 1082 525 et
1108 482 1203 540 pla-

88 566 245 613 cabiles
272 564 501 623 praebent,
539 569 609 606 aut
641 561 692 605 de
732 575 777 604 ea
797 574 971 618 prorsus
998 559 1131 603 silent.
1150 583 1203 592 -

87 644 219 703 Leges
265 642 411 690 silent!
454 663 510 672 -
542 640 599 683 At
635 638 780 682 sileant
821 637 931 694 leges
973 637 1027 679 ab
1065 635 1206 679 homi-

84 721 207 769 nibus
234 717 607 770 constitutae‚non
630 715 752 759 silent
781 715 890 771 leges
916 713 994 756 Dei
1021 712 1204 756 sanctis-

88 798 203 851 simi,
233 798 343 855 leges
366 794 503 840 Patris
530 792 715 837 omnium
734 825 747 846 ‚
764 791 909 834 ultoris
932 790 1175 846 ‘injuriarum
1193 821 1204 842 ,

89 875 262 921 vindicis
294 873 543 917 miserorum
578 869 818 914 insontium.

143 955 200 998 At
226 967 325 998 vero
348 951 460 1008 leges
491 947 658 992 Patriae
695 961 782 990 non
811 945 932 989 silent
959 944 1009 987 de
1039 942 1206 987 Mania-

89 1029 164 1074 cis.
227 1027 459 1072 Prudenter
499 1024 607 1070 enim
643 1023 858 1083 provisum
906 1028 994 1073 est,
1039 1028 1084 1063 ut
1124 1035 1207 1078 pu-

89 1105 200 1151 blica
223 1103 470 1149 auctoritate
494 1101 788 1148 secludantur.
820 1100 856 1143 si
883 1099 997 1156 quod
1026 1105 1087 1141 est
1127 1112 1207 1155 pe·—

90 1183 266 1227 riculum
281 1213 292 1232 ,
323 1195 377 1225 ne
400 1179 490 1225 aliis
512 1177 676 1235 sibique
697 1183 877 1221 noceant
895 1193 906 1232 3
924 1182 1088 1219 cautum
1119 1181 1180 1217 est
1195 1205 1205 1223 ‚

87 1274 141 1305 ne
170 1258 262 1316 quis
295 1258 355 1301 ita
403 1255 674 1309 secludatur,
714 1254 786 1312 qui
825 1267 910 1297 non
950 1253 1002 1296 sit
1039 1251 1206 1295 Mania-

90 1351 177 1380 cus.
254 1334 340 1379 Sed
381 1334 502 1378 silent
541 1332 620 1376 hae
657 1333 769 1390 leges
816 1331 868 1374 de
910 1345 1010 1379 cura
1049 1331 1091 1373 in
1136 1344 1204 1373 sa-

91 1414 216 1457 lutem
248 1412 438 1471 ipsorum
466 1409 734 1461 adhihenda,
775 1409 826 1452 de
853 1407 1093 1452 defensione
1132 1421 1208 1449 eo-

91 1506 183 1534 rum
226 1497 374 1534 contra
407 1488 633 1531 multorum
682 1486 884 1544 injurias,
937 1490 1207 1544 permittunt,

90 1573 136 1611 ut
168 1565 341 1619 seclusi,
364 1565 553 1623 ignaviae
588 1572 627 1608 et
656 1563 842 1623 segnitiei
874 1563 1208 1614 traditimbstu-

90 1651 265 1703 pescant
303 1648 480 1703 penitus.

150 1721 346 1780 pupillis,
379 1721 452 1778 qui
477 1735 611 1776 neque
637 1734 712 1762 sua
741 1719 855 1763 hona
888 1719 1180 1763 administrare
1198 1750 1209 1769 ,

94 1813 229 1856 neque
258 1814 374 1843 suam
391 1798 517 1843 vitam
546 1811 691 1854 regere
709 1804 910 1855 possunt,
930 1796 1042 1853 leges
1058 1796 1207 1838 Patrae

94 1875 276 1919 maximo
309 1876 399 1932 jure
436 1874 727 1934 prospiciunt,
759 1888 915 1930 eosque
955 1873 998 1915 in
1040 1871 1208 1931 publica

94 1954 222 1998 tutela
264 1953 482 1996 collocant.
544 1951 687 2009 Quare
732 1950 927 1994 omnihus
958 1941 1094 1994 modis
1132 1962 1209 1992 ca-

96 2037 193 2076 vent
207 2062 219 2084 ,
239 2045 292 2076 ne
306 2029 396 2074 istis
408 2029 532 2074 bonis
548 2028 791 2072 fraudentur
803 2058 815 2080 ,
830 2034 1004 2080 cavent,
1019 2033 1063 2070 ut
1077 2025 1180 2070 scho
1192 2054 1209 2062 ι

95 2109 160 2152 lae
191 2107 294 2167 ipsis
322 2113 521 2165 pateant,
552 2105 596 2148 in
623 2104 774 2162 quibus
798 2105 1055 2155 doceantur,
1085 2101 1208 2146 insti-

95 2193 289 2237 tuantur,
331 2192 376 2228 ut
412 2183 534 2240 aequi
574 2181 756 2239 bonique
810 2182 919 2225 cives
961 2181 1205 2224 reddantur.

97 2262 206 2307 Num
243 2275 342 2308 vero
373 2260 556 2305 Maniaci
589 2259 756 2319 publica
782 2260 909 2303 tutela
942 2259 1076 2302 minus
1093 2257 1209 2301 indi-

97 2347 215 2398 gent,
248 2347 317 2384 aut
350 2354 457 2396 quae
484 2353 609 2382 ceusu
652 2346 737 2391 est,
780 2352 853 2385 cur
883 2338 937 2382 ab
973 2337 1051 2381 hae
1081 2337 1207 2380 tuteia
