1492 2896
810 286 860 328 16

272 428 560 465 ornamentum
602 419 859 463 numismatis
897 421 1036 471 aurei,
1091 420 1205 476 quod
1244 422 1382 480 magi-

272 505 426 542 stratus
450 497 573 555 hujus
599 495 715 541 urbis
743 495 861 539 vobis
890 496 1002 540 dono
1033 494 1187 550 offert,
1213 498 1382 555 ejusque

268 575 434 618 nomine
463 573 582 618 vobis
608 573 756 626 trado,
781 580 825 616 ut
855 581 999 631 pectus
1026 581 1158 619 ornet.
1209 575 1274 619 Ex
1297 575 1381 620 hoc

268 651 457 695 omnibus
497 658 637 710 patet,
677 651 821 707 quanti
866 658 905 694 et
946 651 1216 695 Academiam
1258 652 1380 709 hujus

267 726 412 781 urbis,
448 735 487 771 et
517 727 725 785 egregiam
750 727 809 770 ibi
842 735 1005 785 partam
1034 727 1268 771 doctrinam
1295 727 1377 772 ha-

267 804 379 849 beat.
442 803 569 860 Cujus
607 803 666 847 rei
708 803 765 846 uti
808 818 884 861 ego
928 802 1179 848 Academiae
1211 804 1378 849 nomine

265 880 420 937 gratias
448 895 554 937 ago,
585 880 643 923 ita
675 895 749 924 vos
773 888 936 938 gratum
960 881 1150 926 habeatis
1168 881 1376 935 animum,

263 956 390 1014 inque
436 963 678 1016 perpetuam
721 957 841 1014 hujus
885 957 1000 1002 urbis
1050 966 1090 1003 et
1124 959 1377 1004 Academiae

263 1033 505 1078 memoriam
536 1034 728 1091 religiose
758 1035 1026 1079 conservetis.

318 1110 391 1155 Sic
424 1111 549 1169 igitur
579 1126 652 1155 vos
683 1111 780 1155 data
813 1111 958 1156 dextra
988 1111 1152 1168 fideque
1181 1112 1226 1156 in
1253 1112 1377 1157 Doc-

260 1195 397 1231 torum
435 1187 626 1231 ordinem
658 1187 824 1246 publice
854 1202 903 1231 ac
934 1187 1172 1233 solemniter
1199 1188 1373 1247 recipio.

262 1265 329 1309 Me
348 1297 358 1317 ‚
388 1280 510 1322 quem
548 1273 867 1324 praeceptorem
907 1273 946 1308 et
978 1265 1126 1309 ducem
1157 1264 1374 1323 diligenter

259 1348 298 1385 et
325 1342 439 1385 omni
461 1341 727 1385 observantia
751 1342 880 1385 secuti
906 1342 1060 1395 fuistis,
1082 1341 1165 1398 jam
1193 1341 1371 1386 amicum

257 1418 566 1476 integerrimum
598 1418 839 1478 recipiatis;
880 1418 915 1461 si
949 1417 1050 1475 quid
1082 1418 1125 1462 in
1156 1425 1372 1477 posterum

257 1495 402 1538 vestris
421 1495 654 1539 commodis
668 1495 868 1539 inservire
889 1494 1045 1554 possim
1057 1527 1070 1549 ‚
1083 1495 1239 1541 lubenti
1251 1496 1372 1553 equi-

255 1571 349 1615 dem
385 1573 524 1615 animo
555 1572 795 1630 suscipiam.

311 1648 405 1693 Jam
434 1649 590 1693 cunctis
610 1681 621 1701 ,
661 1664 767 1706 quae
798 1649 852 1692 ad
886 1650 1112 1694 solemnem
1147 1650 1259 1694 hunc
1294 1663 1371 1694 ac-

254 1733 338 1769 tum
365 1726 599 1784 pertinent,
625 1726 703 1770 rite
729 1734 768 1769 et
791 1726 970 1783 legitime
997 1726 1206 1785 peractis,
1235 1740 1370 1771 novos

252 1803 329 1846 hos
359 1810 396 1846 et
428 1802 609 1860 insignes
643 1803 825 1847 honores
859 1810 898 1847 et
928 1817 1021 1847 meo
1052 1811 1091 1847 et
1117 1803 1370 1849 Academiae

252 1879 418 1923 nomine
447 1879 607 1924 sincere
640 1880 759 1924 vobis
783 1880 983 1938 gratulor.
1045 1881 1107 1925 Ut
1136 1880 1241 1925 haec
1273 1881 1370 1940 dig-

251 1957 358 2002 nitas
389 1956 507 2000 vobis
539 1957 783 2001 felicissimis
820 1956 898 2001 sub
935 1956 1130 2016 auspiciis
1168 1971 1369 2003 concessa

251 2048 469 2091 aegrorum
497 2034 643 2086 saluti,
675 2034 964 2077 doctrinarum
989 2034 1175 2092 artisque
1199 2043 1368 2081 nostrae

217 2136 220 2141 ·
252 2110 400 2153 honori
431 2117 470 2153 et
502 2111 780 2154 emolumento
814 2118 938 2168 atque
969 2110 1091 2168 hujus
1116 2112 1367 2157 Academiae

249 2194 287 2230 et
331 2187 495 2231 Patriae
535 2187 691 2245 gloriae
729 2187 950 2240 inserviat,
988 2187 1211 2244 omniaque
1247 2189 1367 2233 vobis

249 2277 451 2322 prospera
482 2264 653 2317 cedant,
697 2264 872 2321 benigne
908 2264 1049 2321 jubeat
1085 2265 1200 2309 Deus
1236 2266 1367 2325 Opti-

251 2355 340 2383 mus
367 2339 582 2384 Maximus.

753 2451 852 2459 ——
