1492 2896
568 237 623 289 31

49 387 186 434 esset,
205 379 389 424 omnium
412 378 640 424 imitatione
670 379 925 438 dignissimo.
999 375 1143 440 Neque

46 457 150 503 haec
184 457 326 502 leviter
353 471 377 500 a
403 470 469 501 me
500 456 610 501 dicta
647 470 735 501 esse
768 456 862 516 ipsa
898 456 1147 505 documenta

45 534 258 594 probant.¹
313 534 364 578 In
399 533 622 578 certamine
661 533 769 578 enim
813 534 997 580 litet-ario
1033 537 1147 596 apud

43 611 278 671 Leydenses
305 610 439 656 victor
477 610 651 664 exstitit,
692 611 850 670 scripta
884 613 1072 671 egregia,
1110 615 1147 660 si

46 689 146 746 quid
175 689 338 742 video,
362 688 705 733 commentatione
734 691 788 732 de
817 690 1145 747 hygrometriS.

101 766 278 818 Postea,
321 778 445 822 quum
483 764 620 824 patria
664 763 862 809 seditioso
899 766 1074 811 tumultu
1103 767 1149 812 in

45 841 522 902 periculoaversabatur,
565 841 726 886 fortiter
761 855 856 885 cum
899 843 1150 888 commilito-

46 919 171 964 nibus
196 918 424 964 voluntaria
456 917 662 977 stipendia
690 918 852 964 meruit.
921 919 1150 965 Grassante

46 1010 149 1041 vero
176 995 385 1040 dirissimo
415 995 459 1038 in
492 994 557 1039 his
587 994 827 1052 regionibus
861 996 1037 1050 morbo,
1067 996 1152 1041 hu-

47 1071 257 1121 manitatis
293 1079 336 1116 et
369 1071 412 1115 in
451 1078 543 1115 arte
566 1071 777 1116 salutifera
804 1071 978 1130 peritiae
1007 1072 1151 1117 laudes

49 1149 139 1207 jure
167 1147 244 1194 suo
273 1147 490 1206 acquisivit
520 1147 705 1193 eximias.

106 1225 258 1279 Idem,
276 1224 570 1284 plaudentibus
596 1225 788 1269 omnibus
815 1225 963 1279 bonis,
994 1241 1154 1270 summa

51 1317 144 1347 cum
184 1302 330 1356 laude,
382 1301 641 1347 Medicorum
679 1302 908 1346 studiorum
951 1302 1157 1347 curriculo

51 1387 250 1438 peracto,
280 1379 487 1438 egregiam
521 1378 690 1437 scripsit
730 1378 1070 1427 dissertationem,
1098 1384 1155 1423 de

52 1457 272 1499 cholerae
306 1456 548 1499 Asiaticae
598 1459 763 1500 itinere
810 1473 899 1513 per
938 1459 1155 1513 Belgium

50 1535 479 1589 septentrionalem,
507 1540 547 1577 et
573 1534 743 1577 summis
771 1534 816 1577 in
843 1534 1051 1579 Medicina
1076 1534 1162 1578 ho·-

49 1609 223 1654 noribus
254 1617 430 1654 ornatus
459 1617 535 1656 est.

65 1713 79 1721 --
107 1685 304 1730 Facultas
340 1693 477 1732 autem
513 1687 753 1733 Matheseos
794 1695 833 1733 et
864 1688 1161 1749 Philosophiae

51 1762 290 1817 Naturalis,
314 1763 561 1809 asSentiente
589 1764 747 1809 Senatu
767 1765 1033 1816 academico,
1065 1768 1162 1825 dig-

53 1852 152 1883 num
191 1853 284 1883 eum
317 1839 536 1897 judicavit,
568 1840 638 1897 qui
677 1841 860 1885 lauream
903 1842 1160 1887 doctoralem

53 1915 135 1960 ritu
165 1916 362 1970 solemni,
392 1934 516 1961 more
540 1904 795 1973 majoram,
825 1918 868 1961 in
897 1918 977 1963 hac
1004 1920 1162 1964 Facul-

54 1999 140 2036 tate
166 2000 426 2051 capesseret,
457 1994 632 2052 egregiis
664 1996 929 2054 profectuum
967 2011 1158 2051 suorum,

55 2076 142 2113 tum
181 2069 225 2113 in
265 2069 519 2114 examinibus
563 2079 648 2115 tum
689 2072 733 2115 in
778 2073 1082 2118 conscribenda
1121 2083 1161 2118 et

55 2145 314 2190 defendenda
357 2147 644 2192 dissertatione
686 2153 741 2192 de
785 2151 965 2193 Calore.
982 2153 1161 2205 fluido..

58 2239 162 2264 rum
192 2226 481 2267 elasticoram
511 2227 744 2280 specifico,
789 2225 980 2271 exhibitis
1021 2229 1160 2287 speci-

54 2297 248 2344 minibus.
