1492 2896
259 238 314 282 511
354 240 393 284 J.
411 240 456 284 L.
473 238 520 284 C.
540 236 895 283 SCHROEDER
909 250 1013 280 vAN
1026 253 1120 281 mm
1138 236 1297 283 KOLK

266 380 451 441 praemio
488 378 714 422 obtinendo
738 379 900 426 oblatas
935 378 1056 424 fuisse
1086 375 1359 422 Dissertatio-

266 472 351 502 nes.

496 701 670 741 Jvmcmm
696 701 855 740 Onnmts
882 700 1165 739 Lucumonem.

325 829 610 875 Dirimendam
648 840 926 891 proposuerat
973 833 1095 878 Ordo
1128 829 1370 885 ¹Literarius

274 907 553 962 quaestionem
587 908 774 953 hancce:
805 940 835 962 „
865 909 929 953 Ex
954 909 1148 966 antiquae
1174 906 1372 953 politicae

270 982 514 1043 principiis,
530 991 654 1042 atque
679 1000 729 1030 ex
751 986 842 1045 ipsa
872 985 1079 1030 civitatum
1110 985 1372 1042 antiquarum

270 1057 470 1112 historia,
514 1058 686 1105 effatum
727 1062 954 1121 explicetur
988 1062 1182 1106 Veterum
1204 1093 1217 1115 ,
1258 1060 1373 1118 quod

269 1135 322 1179 ad
366 1135 708 1181 Ciceronem
754 1144 817 1182 est
858 1152 938 1196 pro
975 1137 1162 1183 Cluentio
1203 1136 1250 1180 G.
1300 1134 1370 1181 53.

270 1214 424 1268 legum
463 1230 612 1256 omnes
647 1217 769 1259 servi
805 1231 987 1268 sumus,
1019 1223 1071 1257 zat
1101 1215 1238 1258 liberi
1281 1229 1374 1260 esse

269 1291 495 1343 possimus
515 1293 563 1342 ,'’
596 1290 649 1334 ad
691 1305 816 1346 quam
857 1291 938 1334 tria
969 1290 1130 1350 accepit
1159 1303 1375 1350 responsa.

275 1363 480 1417 Primum,
513 1364 578 1409 his
610 1365 748 1410 verbis
776 1366 1040 1421 distinctum3
1070 1367 1219 1420 πόλεως
1251 1365 1379 1423 ψῦχὶι

275 1440 371 1483 εἰσιν
401 1441 435 1484 οἱ
455 1441 563 1496 νόμοι
593 1460 632 1486 ν..
662 1459 701 1485 τ.
725 1450 763 1487 λ.
794 1443 982 1499 quamvis
1010 1449 1051 1488 et
1077 1442 1312 1501 sagacitatis
1339 1449 1380 1487 et

275 1508 489 1560 decu-inae
525 1517 688 1561 laudem
725 1518 905 1572 habeat,
947 1527 1086 1563 tamen
1127 1533 1205 1564 nec
1232 1519 1381 1578 dispu-

276 1591 392 1634 tandi
404 1592 551 1636 ordine
565 1625 577 1646 ‚
595 1607 672 1637 nec
696 1608 795 1638 vero
820 1594 902 1638 stili
914 1595 1049 1641 ¹nitore
1066 1596 1127 1640 sic
1149 1611 1238 1640 sese
1260 1610 1381 1640 com-

275 1667 511 1721 mendavit,
537 1676 580 1713 ut
603 1671 664 1714 vel
697 1672 885 1731 praemio
916 1673 977 1716 vel
1004 1672 1237 1718 honorifica
1261 1687 1382 1718 com-

276 1745 576 1789 memoratione
603 1746 772 1804 dignum
801 1756 1051 1793 censeretur.

334 1820 472 1879 Magis
514 1822 664 1867 Ordini
701 1825 857 1883 placuit
905 1826 1088 1872 secunda
1124 1826 1384 1884 disquisitio,

278 1897 413 1941 verbis
446 1898 648 1957 inscripta
678 1900 965 1946 Senecae:
1010 1906 1107 1947 Deo
1127 1921 1299 1960 parer-e
1324 1908 1387 1948 li-
1410 1936 1412 1940 ψ

284 1975 436 2017 bertas
473 1984 570 2019 est:
616 1993 866 2035 quamquam
903 1979 1006 2024 haec
1034 1981 1131 2025 item
1151 1995 1236 2026 non
1266 1996 1388 2038 mag-

283 2065 439 2109 nopere
465 2053 573 2096 tersa
604 2053 826 2100 Latinitate
864 2055 1036 2114 insignis
1066 2065 1154 2111 est,
1214 2057 1288 2102 sed
1313 2071 1389 2102 ac-

283 2135 467 2172 curatam
492 2128 616 2173 habet
642 2132 820 2190 partium
851 2133 1211 2187 distributionem,
1242 2134 1391 2179 ordine

282 2204 471 2259 procedit
522 2205 659 2260 justo,
721 2215 762 2251 ut
801 2209 1094 2267 perspicuitate
1136 2225 1180 2254 sc
1217 2211 1390 2255 mirifice

286 2281 572 2334 commendet,
607 2291 645 2328 ct
678 2299 773 2329 vero
801 2285 1065 2347 praecipuum
1090 2286 1129 2331 in
1164 2289 1208 2332 ca
1239 2302 1392 2345 quaes—
