1492 2896
228 278 355 330 233
381 316 493 341 W*
523 274 607 320 ΡΗ.
643 279 694 321 G.
729 290 828 321 vm<
863 276 1125 330 HEUSDE,

278 422 311 454 ot
345 412 508 469 triginta
541 426 672 455 annos
700 411 742 454 in
768 418 906 456 vestro
929 427 1018 456 sum
1042 412 1216 470 collegio
1241 427 1385 456 versa-

279 497 363 541 tus,
396 503 605 545 nunquam
630 487 732 531 mihi
754 488 1003 546 collegarum
1026 489 1112 534 sive
1132 489 1383 534 obtrectatio

280 567 363 609 sive
393 565 617 609 aemulatio
642 565 767 608 animi
789 565 1127 623 tranquillitatem
1154 565 1384 626 perturba-

279 644 361 698 τίη
403 649 575 695 contra,
615 649 660 686 ut
694 642 854 687 discere
889 658 912 686 a
947 643 1190 687 doctissimo
1215 657 1384 701 quoque

277 720 455 764 maxime
494 720 694 773 avebam,
739 719 799 763 ita
835 720 999 779 placide
1039 735 1185 764 omnes
1222 734 1383 764 mecum

276 797 545 842 lunnanitatis
574 796 710 841 studia
735 798 961 841 coluerunt.
1024 797 1199 841 Factum
1219 797 1277 841 ita
1298 804 1384 850 est,

275 883 318 918 ut
356 874 584 918 concordia
622 873 779 932 vigeret
804 874 1017 931 collegium
1047 881 1235 918 nostrum
1253 906 1265 925 ‚
1296 881 1384 918 tum

278 952 425 1001 ctiam,
469 959 541 1004 ut,
592 966 698 1008 quae
724 951 897 1008 singulis
924 965 1127 1010 prospere
1156 951 1384 1004 cederent,

273 1029 474 1073 universis
514 1028 764 1087 praeberent
803 1029 984 1072 laetitiae>
1019 1029 1213 1088 copiam:
1274 1043 1384 1085 quae

272 1105 442 1162 singulis
471 1105 701 1148 honorifica
735 1104 995 1158 acciderent,
1040 1112 1084 1148 ut
1108 1105 1222 1162 quod
1247 1119 1384 1163 nuper>

273 1183 403 1228 euenit
448 1181 596 1226 Mollio
631 1189 803 1234 nostro,
851 1197 978 1238 quum
1015 1181 1190 1225 civitatis
1227 1180 1381 1226 Edim-

272 1258 492 1318 burgensis
525 1258 622 1302 civis
657 1265 697 1302 et
726 1258 770 1301 in
797 1259 1025 1302 Academia
1056 1258 1380 1317 Edimburgensi

272 1346 311 1381 et
355 1335 600 1380 Dublinensi
646 1335 797 1379 doctor
835 1342 1074 1388 crearetur,
1118 1335 1221 1379 haec
1253 1335 1378 1394 igitur

273 1413 471 1458 universis
505 1412 743 1456 acciderent
779 1412 1012 1470 gratissima
1032 1444 1043 1464 ,
1091 1412 1246 1472 quippe
1272 1412 1379 1470 ipsis

271 1500 311 1536 et
338 1489 587 1535 Academiae
611 1504 709 1533 suae
736 1488 780 1532 in
815 1489 960 1546 primis
996 1488 1240 1533 honorifica.
1303 1488 1376 1534 Sic

266 1569 348 1612 vita
377 1566 502 1610 nobis
531 1566 665 1609 dulcis
692 1567 776 1610 fere
815 1566 916 1615 fuit,
962 1566 1179 1624 Collegae,
1217 1566 1377 1611 Vobis-

268 1660 348 1702 que
377 1644 610 1687 etiamnunc
639 1650 724 1695 est,
764 1657 883 1686 senes
923 1643 1204 1696 venerabiles,
1245 1643 1374 1687 Bleu-

265 1721 402 1773 laudi,
454 1719 631 1771 Oordti,
680 1719 887 1776 Heringa,
942 1720 1099 1778 Kopsi,
1159 1721 1375 1767 Arntzeni.

267 1797 430 1855 Quodsi
477 1797 610 1840 tristia
665 1797 729 1840 cui
774 1805 962 1839 nostrum
1006 1797 1274 1847 acciderunt,
1330 1797 1374 1841 id

266 1890 410 1927 omnes
436 1874 664 1926 doluimus,
697 1880 740 1917 ut
759 1873 893 1932 patuit
915 1873 984 1917 his.
1004 1873 1151 1917 diebus
1171 1873 1374 1929 maxime,

265 1967 390 2008 quum
429 1952 619 1994 fieremus
651 1950 872 2002 certiores,
918 1951 1015 1998 tibi,
1061 1951 1268 2008 Hcringa,
1311 1951 1373 1996 vir

263 2043 447 2080 summe,
491 2035 534 2072 ut
565 2027 690 2071 hodie
721 2027 848 2071 verba
877 2018 1047 2085 publice?
1066 2028 1254 2080 faceres,
1295 2042 1373 2087 per

264 2105 528 2149 valitudinem
560 2119 644 2148 non
671 2104 807 2149 licere.
872 2104 919 2147 ld
943 2118 1043 2147 vero
1067 2104 1251 2162 graviter
1277 2101 1372 2147 ὀπη-

261 2198 337 2226 nes
374 2190 413 2226 et
447 2183 504 2225 tui
540 2190 578 2225 ct
618 2181 869 2225 Academiae
894 2189 933 2226 et
963 2181 1053 2225 sesti
1082 2176 1202 2237 h'ujus
1236 2182 1371 2225 nostri

260 2275 406 2303 caussa
443 2259 629 2307 tulimus,
673 2259 746 2302 sed
789 2273 838 2301 eo
866 2273 976 2301 nunc
1002 2257 1213 2301 ardentius
1239 2258 1320 2302 hoc
1346 2275 1370 2303 a

258 2346 296 2383 te
326 2337 579 2382 solemnibus
607 2335 743 2381 verbis
776 2335 980 2395 petimus:
1025 2343 1066 2380 ut
1097 2350 1179 2379 non
1211 2336 1367 2390 recisit,
