1492 2896
316 227 706 268 PHILOSOPHICO
720 248 737 258 -
750 230 1053 270 HISTORICA.
1194 245 1239 281 71

128 347 241 378 aetas.
295 338 351 377 Ea
383 347 505 376 autem
539 350 654 385 quum
687 347 742 376 est
779 339 941 378 civitatis
968 340 1163 387 conditio,
1188 339 1243 380 fa-

127 408 199 446 cile
234 407 557 446 animadvertimus
593 419 700 455 quam
743 407 875 446 misere
910 409 984 457 ipsi
1024 410 1099 447 sint
1134 411 1239 449 ,cives

126 475 263 515 affecti.
318 477 460 515 Omnes
500 489 580 516 sese
616 478 754 516 liberos
790 467 1000 516 existimant
1035 491 1070 517 et
1098 493 1143 518 ne
1169 492 1239 519 no-

126 557 208 584 men
245 546 395 594 quidem
436 547 630 586 servitutis
667 546 830 595 perferre
868 559 1056 597 possunt;
1101 552 1165 589 sed
1199 563 1239 589 re

124 626 210 654 vera
242 616 334 654 adeo
367 617 581 664 perturbata
608 627 696 654 sunt
723 617 872 663 omnia,
904 627 944 655 ut
973 620 1235 668 unusquisque

123 682 260 722 civium
288 695 355 723 sua
381 685 500 723 officia
525 697 652 733 parum
680 697 806 734 curet,
834 699 905 736 pro
928 689 1051 727 lubitu
1081 699 1163 738 agat
1178 701 1236 738 et,

123 754 317 793 honestate
354 755 592 803 postposita,
629 759 774 795 summa
803 757 1013 806 proximum
1050 771 1238 808 quemque

123 822 258 871 injuria
283 823 423 862 afficere
448 825 546 869 haud
569 835 753 864 vereatur.
794 827 967 865 Libertas
999 828 1114 878 igitur
1137 832 1238 868 nulla

124 902 211 937 est3
244 904 328 932 nam
362 905 447 933 vera
481 895 603 933 civilis
629 895 777 934 libertas
803 908 880 935 non
907 897 944 935 in
975 909 1019 935 eo
1043 899 1232 942 cernitur7

123 971 166 1000 ut
200 963 335 1011 aliquis
376 976 470 1012 quae
513 967 602 1003 velit
635 966 674 1003 in
711 966 862 1004 civitate
899 977 1007 1016 agat,
1045 969 1111 1007 sed
1143 982 1237 1017 quae

120 1030 264 1070 debeat.
332 1033 481 1083 Quodsi
519 1046 646 1073 omnes
681 1036 731 1074 ita
769 1037 901 1075 vivunt
939 1048 1050 1085 atque
1089 1050 1236 1088 agunt,

120 1111 229 1139 nemo
255 1113 331 1140 non
358 1104 454 1141 inter
480 1103 581 1142 cives
598 1133 610 1152 ,
644 1118 664 1143 a
692 1116 896 1145 ceterorum
927 1108 1072 1157 injuriis
1101 1119 1236 1157 tutus,

119 1182 204 1209 cum
241 1171 360 1211 officia
394 1184 461 1212 sua
495 1186 667 1224 peragere
702 1185 826 1224 potest
863 1187 943 1216 tuln
984 1178 1091 1226 plena
1128 1180 1233 1218 clvili

119 1239 287 1279 libertate
312 1242 403 1282 frui.

171 1311 273 1349 Haec
313 1311 358 1350 de
394 1312 494 1351 civili
535 1314 704 1353 libertate
744 1313 934 1356 monuisse
959 1328 1058 1357 nunc
1086 1319 1234 1366 quidem

119 1382 325 1430 sufficiant,
358 1382 542 1431 siquidem
583 1398 676 1432 quae
716 1387 787 1424 hoc
815 1389 899 1426 loco
927 1389 1023 1427 dicta
1050 1400 1161 1438 sunt,
1189 1403 1234 1429 eo

120 1457 262 1490 tantum
283 1452 426 1500 valent,
455 1464 496 1492 ut
509 1463 608 1493 recte
622 1456 666 1493 de
681 1458 810 1505 populi
825 1457 993 1496 libertate
1008 1459 1233 1506 cogitemus.

120 1519 206 1569 Qua
241 1521 334 1560 enim
376 1522 518 1562 ratione
550 1524 587 1562 in
627 1526 777 1564 civitate
811 1528 1020 1566 vindicetur
1053 1529 1234 1575 libertas,

119 1590 242 1629 dedita
269 1594 382 1641 opera
408 1593 562 1642 posthac
590 1605 814 1644 exponetur.

596 1904 764 1947 2}ae&

1120 2397 1235 2435 SE('“.·
