1492 2896
593 250 658 293 -23

72 389 205 436 vivere
229 393 344 432 recte
375 391 525 444 potest.
606 383 670 429 Te
702 397 805 429 vero
843 396 928 427 non
972 389 1032 426 est
1070 383 1185 439 quod

68 479 286 519 moneam,
344 477 469 521 quam
514 476 593 520 ego
637 460 863 519 intelligam
909 461 1183 503 libertatem.

69 542 213 588 Tenes·
235 547 352 586 vetus
390 539 441 584 de
477 553 527 583 ea
563 535 763 591 effatum,
795 552 819 581 a
850 536 1052 580 Cicerone
1078 550 1186 595 pro-

68 620 197 665 latum
234 624 408 663 nostro:
444 620 616 673 legum
657 612 808 658 omnes
846 616 971 658 servi
1003 629 1186 663 sumu-9,

70 692 134 740 ut·
153 697 288 740 liberi
318 712 412 739 esse
437 696 679 751 possimus.
745 690 886 737 Civilis
916 690 1021 735 haec
1052 690 1186 734 liber-

69 781 137 819 tas
177 780 265 827 est,
331 782 437 830 quae
474 764 694 828 justitiae
742 767 978 813 vindicatur
1031 766 1185 811 studio.

74 850 213 896 Tenes
239 856 279 894 et
303 864 329 893 a
352 862 483 908 puero
510 846 757 907 percepisti,
789 846 906 904 quod
933 852 1078 890 sancta
1107 858 1191 888 no-

73 926 141 971 bis
176 925 320 984 religio
360 925 412 969 de
446 924 638 969 libertate
673 923 821 967 morali
852 922 1080 982 praecipit,
1114 939 1192 964 ve·-

79 1006 265 1048 ritatem
294 1017 407 1055 esse,
437 1018 553 1059 quae
576 1019 655 1044 nos
677 1002 844 1044 liberos
864 1003 1034 1056 faciat.
1102 999 1193 1042 Re-

86 1079 274 1126 conditae
301 1079 404 1123 haec
432 1085 529 1123 sunt
554 1077 782 1137 sapientiae
806 1076 984 1135 placita,
1017 1076 1090 1120 sed
1117 1075 1195 1118 tibi

82 1159 165 1203 non
197 1157 402 1209 obscura,
435 1155 492 1199 mi
528 1155 601 1199 fili.
662 1155 768 1198 Nam
801 1153 940 1198 crebri
980 1153 1104 1196 nobis
1143 1152 1195 1196 de

80 1236 204 1282 rebus
232 1231 870 1293 hisceomniumgravissimis,
903 1239 948 1274 ut
980 1231 1198 1275 meminis-

79 1313 142 1368 ti,
177 1326 391 1358 sermones
423 1311 602 1355 suerunt.
664 1310 730 1354 Tu
761 1316 894 1353 autem
924 1324 990 1353 me
1018 1323 1197 1352 monen-

86 1398 191 1444 ffiem,
222 1388 550 1448 praecipientem
567 1420 578 1440 ‚
612 1386 902 1430 cohortantem
939 1393 978 1430 et
1009 1385 1202 1428 lubenter

92 1467 282 1513 aldiebas
321 1473 362 1510 et
394 1464 654 1522 intelligebas
691 1464 823 1507 facile.
913 1463 1011 1520 Quo
1047 1463 1202 1506 sactum

92 1543 261 1588 maxime
290 1549 372 1595 est,
400 1548 446 1585 ut
474 1540 739 1583 necessitudo
767 1539 890 1582 nobis
924 1538 1079 1582 amoris
1106 1553 1202 1581 mu»

92 1621 172 1673 tui,
225 1619 311 1662 imo
351 1616 655 1661 sanctissimum
711 1616 969 1668 honestatis,
1014 1615 1203 1666 virtutis,

93 1697 250 1754 pietatis
283 1696 431 1740 foedus
462 1695 750 1740 intercederet.
815 1693 907 1737 Sed
941 1692 1045 1736 haec
1085 1699 1207 1735 antea

93 1772 192 1821 inter
229 1788 307 1817 nos
345 1788 487 1817 coram
528 1773 708 1817 fuerunt.
803 1771 923 1814 Nunc
952 1784 1072 1822 vero,
1104 1783 1204 1826 age,

92 1852 273 1908 publice,
315 1851 359 1893 in
388 1850 469 1893 hoc
502 1849 674 1892 solemni
704 1847 1021 1891 lectissimorum
1063 1846 1206 1889 homi-

93 1943 186 1973 num
214 1935 360 1980 coetu,
398 1926 545 1970 foedus
583 1940 660 1969 nos
698 1933 908 1978 nostrum,
942 1924 1035 1969 Deo
1072 1929 1202 1973 teste,

95 2020 345 2051 lenovemus.
436 2002 663 2047 Confirmet
721 2009 855 2045 autem
914 2000 1013 2043 illud
1062 1999 1205 2051 hicce,

99 2097 213 2140 quem
239 2083 367 2141 digito
395 2080 598 2125 admoveo
621 2086 717 2133 tuo,
736 2081 957 2131 annulus,
983 2076 1079 2120 fidei
1102 2090 1208 2120 nos-

96 2166 180 2208 trae
216 2159 489 2218 sempiternae
520 2158 693 2214 signnm.

152 2239 314 2290 Habes,
343 2237 531 2288 Doctor,
562 2248 643 2277 una
676 2246 769 2276 cum
806 2229 1034 2274 docto-ralis
1064 2228 1204 2285 digni-

93 2315 189 2358 tatis
222 2313 475 2372 insignibus,
518 2311 655 2371 patris
682 2309 854 2353 monita.
947 2307 1121 2358 Restat,
1160 2312 1203 2348 ut
