<?xml version="1.0" encoding="UTF-8"?>
<!DOCTYPE html PUBLIC "-//W3C//DTD XHTML 1.0 Transitional//EN"
    "http://www.w3.org/TR/xhtml1/DTD/xhtml1-transitional.dtd">
<html xmlns="http://www.w3.org/1999/xhtml" xml:lang="en" lang="en">
 <head>
  <title>
</title>
<meta http-equiv="Content-Type" content="text/html;charset=utf-8" />
  <meta name='ocr-system' content='tesseract 3.04.00' />
  <meta name='ocr-capabilities' content='ocr_page ocr_carea ocr_par ocr_line ocrx_word'/>
</head>
<body>
  <div class='ocr_page' id='page_1' title='image "annalesacademiae36acad_0230.png"; bbox 0 0 1492 2896; ppageno 0'>
   <div class='ocr_carea' id='block_1_1' title="bbox 271 272 1024 318">
    <p class='ocr_par' dir='ltr' id='par_1_1' title="bbox 271 272 1024 318">
     <span class='ocr_line' id='line_1_1' title="bbox 271 272 1024 318; baseline -0.001 -2"><span class='ocrx_word' id='word_1_1' title='bbox 271 274 328 318; x_wconf 71' lang='lat' dir='ltr'><strong>?›lt</strong></span> <span class='ocrx_word' id='word_1_2' title='bbox 635 272 1024 318; x_wconf 19' lang='lat' dir='ltr'><strong>ORAAT‘t-O.</strong></span> 
     </span>
    </p>
   </div>
   <div class='ocr_carea' id='block_1_2' title="bbox 258 407 1406 2315">
    <p class='ocr_par' dir='ltr' id='par_1_2' title="bbox 258 407 1406 2315">
     <span class='ocr_line' id='line_1_2' title="bbox 271 407 1392 464; baseline -0.004 -10"><span class='ocrx_word' id='word_1_3' title='bbox 271 425 464 462; x_wconf 81' lang='lat' dir='ltr'>venerer,</span> <span class='ocrx_word' id='word_1_4' title='bbox 509 408 695 454; x_wconf 56' lang='lat' dir='ltr'><strong>an&#39;vero</strong></span> <span class='ocrx_word' id='word_1_5' title='bbox 728 423 885 460; x_wconf 86' lang='lat' dir='ltr'><strong>amem,</strong></span> <span class='ocrx_word' id='word_1_6' title='bbox 919 408 1136 464; x_wconf 69' lang='lat' dir='ltr'><strong>doleoque&#39;</strong></span> <span class='ocrx_word' id='word_1_7' title='bbox 1166 407 1392 451; x_wconf 83' lang='lat' dir='ltr'><strong>etiamnum</strong></span> 
     </span>
     <span class='ocr_line' id='line_1_3' title="bbox 269 488 1389 546; baseline -0.002 -9"><span class='ocrx_word' id='word_1_8' title='bbox 269 494 561 546; x_wconf 85' lang='lat' dir='ltr'><strong>vehementer,</strong></span> <span class='ocrx_word' id='word_1_9' title='bbox 592 492 598 529; x_wconf 85' lang='grc'><strong>.’</strong></span> <span class='ocrx_word' id='word_1_10' title='bbox 621 501 693 537; x_wconf 82' lang='lat' dir='ltr'><strong>tua</strong></span> <span class='ocrx_word' id='word_1_11' title='bbox 745 498 826 536; x_wconf 88' lang='lat' dir='ltr'><strong>me&#39;</strong></span> <span class='ocrx_word' id='word_1_12' title='bbox 873 492 1056 536; x_wconf 81' lang='lat' dir='ltr'><strong>caruisse</strong></span> <span class='ocrx_word' id='word_1_13' title='bbox 1080 488 1389 536; x_wconf 52' lang='lat' dir='ltr'><strong>:institutione</strong></span> 
     </span>
     <span class='ocr_line' id='line_1_4' title="bbox 269 575 1395 635; baseline -0.004 -14"><span class='ocrx_word' id='word_1_14' title='bbox 269 578 396 635; x_wconf 67' lang='lat' dir='ltr'><strong>Quogl</strong></span> <span class='ocrx_word' id='word_1_15' title='bbox 433 585 575 621; x_wconf 85' lang='lat' dir='ltr'><strong>tamen</strong></span> <span class='ocrx_word' id='word_1_16' title='bbox 614 591 738 621; x_wconf 88' lang='lat' dir='ltr'><strong>nemo</strong></span> <span class='ocrx_word' id='word_1_17' title='bbox 779 575 822 619; x_wconf 86' lang='lat' dir='ltr'><strong>in</strong></span> <span class='ocrx_word' id='word_1_18' title='bbox 856 575 1395 631; x_wconf 61' lang='lat' dir='ltr'><strong>‘scholaeLennepianae</strong></span> 
     </span>
     <span class='ocr_line' id='line_1_5' title="bbox 268 659 1398 719; baseline -0.003 -15"><span class='ocrx_word' id='word_1_19' title='bbox 268 660 518 719; x_wconf 81' lang='lat' dir='ltr'><strong>vituperium</strong></span> <span class='ocrx_word' id='word_1_20' title='bbox 554 659 709 705; x_wconf 84' lang='lat' dir='ltr'><strong>dictum</strong></span> <span class='ocrx_word' id='word_1_21' title='bbox 738 660 882 719; x_wconf 77' lang='lat' dir='ltr'><strong>putet3</strong></span> <span class='ocrx_word' id='word_1_22' title='bbox 906 674 1026 703; x_wconf 16' lang='lat' dir='ltr'><strong>Vnam</strong></span> <span class='ocrx_word' id='word_1_23' title='bbox 1056 659 1277 717; x_wconf 85' lang='lat' dir='ltr'><strong>praeclara</strong></span> <span class='ocrx_word' id='word_1_24' title='bbox 1307 665 1398 702; x_wconf 85' lang='lat' dir='ltr'><strong>erat</strong></span> 
     </span>
     <span class='ocr_line' id='line_1_6' title="bbox 269 738 1400 802; baseline 0 -16"><span class='ocrx_word' id='word_1_25' title='bbox 269 744 561 802; x_wconf 80' lang='lat' dir='ltr'><strong>elegantissimi</strong></span> <span class='ocrx_word' id='word_1_26' title='bbox 594 741 915 788; x_wconf 66' lang='lat' dir='ltr'><strong>viriss&#39;institulio</strong></span> <span class='ocrx_word' id='word_1_27' title='bbox 948 738 1213 799; x_wconf 77' lang='lat' dir='ltr'><strong>multumque</strong></span> <span class='ocrx_word' id='word_1_28' title='bbox 1231 742 1290 785; x_wconf 92' lang='lat' dir='ltr'><strong>illi</strong></span> <span class='ocrx_word' id='word_1_29' title='bbox 1305 772 1308 776; x_wconf 35' lang='lat'><strong>⁴</strong></span> <span class='ocrx_word' id='word_1_30' title='bbox 1321 754 1400 786; x_wconf 79' lang='lat' dir='ltr'><strong>ao-</strong></span> 
     </span>
     <span class='ocr_line' id='line_1_7' title="bbox 269 823 1401 887; baseline -0.001 -15"><span class='ocrx_word' id='word_1_31' title='bbox 269 835 436 887; x_wconf 81' lang='lat' dir='ltr'><strong>ceptum</strong></span> <span class='ocrx_word' id='word_1_32' title='bbox 467 828 618 872; x_wconf 88' lang='lat' dir='ltr'><strong>refero.</strong></span> <span class='ocrx_word' id='word_1_33' title='bbox 697 827 778 871; x_wconf 63' lang='lat' dir='ltr'><strong>A&#39;st&#39;</strong></span> <span class='ocrx_word' id='word_1_34' title='bbox 809 827 924 884; x_wconf 86' lang='lat' dir='ltr'><strong>quod</strong></span> <span class='ocrx_word' id='word_1_35' title='bbox 952 823 1077 869; x_wconf 78' lang='lat' dir='ltr'><strong>mihi·</strong></span> <span class='ocrx_word' id='word_1_36' title='bbox 1104 825 1188 870; x_wconf 87' lang='lat' dir='ltr'><strong>hoc</strong></span> <span class='ocrx_word' id='word_1_37' title='bbox 1229 825 1401 871; x_wconf 88' lang='lat' dir='ltr'><strong>nomine</strong></span> 
     </span>
     <span class='ocr_line' id='line_1_8' title="bbox 263 908 1401 970; baseline -0.002 -14"><span class='ocrx_word' id='word_1_38' title='bbox 263 912 453 965; x_wconf 70' lang='lat' dir='ltr'><strong>deerat,</strong></span> <span class='ocrx_word' id='word_1_39' title='bbox 471 912 514 955; x_wconf 90' lang='lat' dir='ltr'><strong>id</strong></span> <span class='ocrx_word' id='word_1_40' title='bbox 543 911 710 956; x_wconf 88' lang='lat' dir='ltr'><strong>assidua</strong></span> <span class='ocrx_word' id='word_1_41' title='bbox 741 908 916 955; x_wconf 87' lang='lat' dir='ltr'><strong>tuorum</strong></span> <span class='ocrx_word' id='word_1_42' title='bbox 935 910 1115 956; x_wconf 89' lang='lat' dir='ltr'><strong>lectione</strong></span> <span class='ocrx_word' id='word_1_43' title='bbox 1141 911 1401 970; x_wconf 84' lang='lat' dir='ltr'><strong>scriptorum</strong></span> 
     </span>
     <span class='ocr_line' id='line_1_9' title="bbox 271 992 1401 1056; baseline 0.002 -17"><span class='ocrx_word' id='word_1_44' title='bbox 271 1005 315 1039; x_wconf 81' lang='lat' dir='ltr'><strong>et</strong></span> <span class='ocrx_word' id='word_1_45' title='bbox 359 1011 436 1055; x_wconf 85' lang='lat' dir='ltr'><strong>ego</strong></span> <span class='ocrx_word' id='word_1_46' title='bbox 475 994 750 1056; x_wconf 82' lang='lat' dir='ltr'><strong>compensare</strong></span> <span class='ocrx_word' id='word_1_47' title='bbox 794 994 960 1049; x_wconf 86' lang='lat' dir='ltr'><strong>studui,</strong></span> <span class='ocrx_word' id='word_1_48' title='bbox 1005 1005 1048 1039; x_wconf 82' lang='lat' dir='ltr'><strong>et</strong></span> <span class='ocrx_word' id='word_1_49' title='bbox 1081 1002 1127 1039; x_wconf 85' lang='lat' dir='ltr'><strong>tu</strong></span> <span class='ocrx_word' id='word_1_50' title='bbox 1161 992 1278 1055; x_wconf 83' lang='lat' dir='ltr'><strong>ipse,</strong></span> <span class='ocrx_word' id='word_1_51' title='bbox 1319 1010 1401 1055; x_wconf 73' lang='lat' dir='ltr'><strong>pito</strong></span> 
     </span>
     <span class='ocr_line' id='line_1_10' title="bbox 267 1078 1402 1138; baseline -0.001 -14"><span class='ocrx_word' id='word_1_52' title='bbox 267 1080 468 1138; x_wconf 83' lang='lat' dir='ltr'><strong>singulari</strong></span> <span class='ocrx_word' id='word_1_53' title='bbox 510 1087 581 1124; x_wconf 89' lang='lat' dir='ltr'><strong>tua</strong></span> <span class='ocrx_word' id='word_1_54' title='bbox 624 1078 912 1132; x_wconf 83' lang='lat' dir='ltr'><strong>humanitate,</strong></span> <span class='ocrx_word' id='word_1_55' title='bbox 960 1078 1262 1124; x_wconf 87' lang='lat' dir='ltr'><strong>consuetudine</strong></span> <span class='ocrx_word' id='word_1_56' title='bbox 1290 1093 1402 1123; x_wconf 88' lang='lat' dir='ltr'><strong>-ser-</strong></span> 
     </span>
     <span class='ocr_line' id='line_1_11' title="bbox 258 1161 1403 1223; baseline -0.003 -15"><span class='ocrx_word' id='word_1_57' title='bbox 258 1165 550 1221; x_wconf 81' lang='lat' dir='ltr'><strong>monibusque</strong></span> <span class='ocrx_word' id='word_1_58' title='bbox 579 1161 875 1223; x_wconf 68' lang='lat' dir='ltr'><strong>compensasti.</strong></span> <span class='ocrx_word' id='word_1_59' title='bbox 933 1162 1147 1206; x_wconf 85' lang='lat' dir='ltr'><strong>Lubenter</strong></span> <span class='ocrx_word' id='word_1_60' title='bbox 1175 1162 1303 1220; x_wconf 83' lang='lat' dir='ltr'><strong>igitur</strong></span> <span class='ocrx_word' id='word_1_61' title='bbox 1332 1163 1403 1206; x_wconf 81' lang='lat' dir='ltr'><strong>-fa-</strong></span> 
     </span>
     <span class='ocr_line' id='line_1_12' title="bbox 258 1246 1406 1303; baseline -0.001 -12"><span class='ocrx_word' id='word_1_62' title='bbox 258 1255 384 1301; x_wconf 83' lang='lat' dir='ltr'><strong>-teor,</strong></span> <span class='ocrx_word' id='word_1_63' title='bbox 417 1249 556 1292; x_wconf 75' lang='lat' dir='ltr'><strong>multa</strong></span> <span class='ocrx_word' id='word_1_64' title='bbox 574 1263 641 1292; x_wconf 91' lang='lat' dir='ltr'><strong>me</strong></span> <span class='ocrx_word' id='word_1_65' title='bbox 672 1248 795 1292; x_wconf 80' lang='lat' dir='ltr'><strong>etiarn</strong></span> <span class='ocrx_word' id='word_1_66' title='bbox 830 1247 906 1291; x_wconf 85' lang='lat' dir='ltr'><strong>tibi</strong></span> <span class='ocrx_word' id='word_1_67' title='bbox 939 1246 1118 1299; x_wconf 82' lang='lat' dir='ltr'><strong>debere,</strong></span> <span class='ocrx_word' id='word_1_68' title='bbox 1140 1253 1217 1300; x_wconf 26' lang='lat' dir='ltr'><strong>vet,</strong></span> <span class='ocrx_word' id='word_1_69' title='bbox 1250 1258 1406 1303; x_wconf 86' lang='lat' dir='ltr'><strong>quam-</strong></span> 
     </span>
     <span class='ocr_line' id='line_1_13' title="bbox 272 1329 1404 1390; baseline -0.002 -14"><span class='ocrx_word' id='word_1_70' title='bbox 272 1332 399 1389; x_wconf 88' lang='lat' dir='ltr'><strong>quam</strong></span> <span class='ocrx_word' id='word_1_71' title='bbox 434 1330 660 1390; x_wconf 85' lang='lat' dir='ltr'><strong>discipulus</strong></span> <span class='ocrx_word' id='word_1_72' title='bbox 697 1338 792 1375; x_wconf 88' lang='lat' dir='ltr'><strong>tuus</strong></span> <span class='ocrx_word' id='word_1_73' title='bbox 826 1329 921 1375; x_wconf 68' lang='lat' dir='ltr'><strong>non&#39;</strong></span> <span class='ocrx_word' id='word_1_74' title='bbox 949 1345 1068 1383; x_wconf 88' lang='lat' dir='ltr'><strong>sum,</strong></span> <span class='ocrx_word' id='word_1_75' title='bbox 1106 1337 1223 1374; x_wconf 88' lang='lat' dir='ltr'><strong>tuum</strong></span> <span class='ocrx_word' id='word_1_76' title='bbox 1262 1337 1404 1375; x_wconf 87' lang='lat' dir='ltr'><strong>tamen</strong></span> 
     </span>
     <span class='ocr_line' id='line_1_14' title="bbox 276 1415 1405 1475; baseline 0 -15"><span class='ocrx_word' id='word_1_77' title='bbox 276 1424 316 1460; x_wconf 86' lang='lat' dir='ltr'><strong>et</strong></span> <span class='ocrx_word' id='word_1_78' title='bbox 341 1432 407 1460; x_wconf 90' lang='lat' dir='ltr'><strong>me</strong></span> <span class='ocrx_word' id='word_1_79' title='bbox 437 1430 642 1474; x_wconf 83' lang='lat' dir='ltr'><strong>agnoscas</strong></span> <span class='ocrx_word' id='word_1_80' title='bbox 674 1417 785 1461; x_wconf 90' lang='lat' dir='ltr'><strong>volo.</strong></span> <span class='ocrx_word' id='word_1_81' title='bbox 846 1415 934 1460; x_wconf 86' lang='lat' dir='ltr'><strong>Sed</strong></span> <span class='ocrx_word' id='word_1_82' title='bbox 965 1423 1027 1460; x_wconf 84' lang='lat' dir='ltr'><strong>est</strong></span> <span class='ocrx_word' id='word_1_83' title='bbox 1052 1415 1156 1459; x_wconf 88' lang='lat' dir='ltr'><strong>mihi</strong></span> <span class='ocrx_word' id='word_1_84' title='bbox 1184 1415 1238 1458; x_wconf 85' lang='lat' dir='ltr'><strong>in</strong></span> <span class='ocrx_word' id='word_1_85' title='bbox 1256 1415 1405 1475; x_wconf 86' lang='lat' dir='ltr'><strong>primis</strong></span> 
     </span>
     <span class='ocr_line' id='line_1_15' title="bbox 264 1493 1406 1560; baseline -0.001 -14"><span class='ocrx_word' id='word_1_86' title='bbox 264 1502 516 1546; x_wconf 73' lang='lat' dir='ltr'><strong>salutandus</strong></span> <span class='ocrx_word' id='word_1_87' title='bbox 551 1498 871 1560; x_wconf 82' lang='lat' dir='ltr'><strong>Theologorum</strong></span> <span class='ocrx_word' id='word_1_88' title='bbox 900 1496 1024 1546; x_wconf 54' lang='lat' dir='ltr'><strong>ordo,</strong></span> <span class='ocrx_word' id='word_1_89' title='bbox 1116 1493 1309 1559; x_wconf 79' lang='lat' dir='ltr'><strong>Accipite</strong></span> <span class='ocrx_word' id='word_1_90' title='bbox 1339 1510 1406 1545; x_wconf 85' lang='lat' dir='ltr'><strong>me</strong></span> 
     </span>
     <span class='ocr_line' id='line_1_16' title="bbox 277 1585 1406 1644; baseline -0.002 -14"><span class='ocrx_word' id='word_1_91' title='bbox 277 1600 376 1638; x_wconf 83' lang='lat' dir='ltr'><strong>vos,</strong></span> <span class='ocrx_word' id='word_1_92' title='bbox 411 1585 472 1630; x_wconf 89' lang='lat' dir='ltr'><strong>Cl.</strong></span> <span class='ocrx_word' id='word_1_93' title='bbox 499 1586 611 1630; x_wconf 80' lang='lat' dir='ltr'><strong>Viri!</strong></span> <span class='ocrx_word' id='word_1_94' title='bbox 645 1585 851 1643; x_wconf 90' lang='lat' dir='ltr'><strong>benigne,</strong></span> <span class='ocrx_word' id='word_1_95' title='bbox 878 1592 925 1628; x_wconf 76' lang='lat' dir='ltr'><strong>ut</strong></span> <span class='ocrx_word' id='word_1_96' title='bbox 957 1586 1189 1644; x_wconf 84' lang='lat' dir='ltr'><strong>collegam,</strong></span> <span class='ocrx_word' id='word_1_97' title='bbox 1221 1592 1268 1628; x_wconf 87' lang='lat' dir='ltr'><strong>ut</strong></span> <span class='ocrx_word' id='word_1_98' title='bbox 1296 1585 1406 1628; x_wconf 86' lang='lat' dir='ltr'><strong>ami-</strong></span> 
     </span>
     <span class='ocr_line' id='line_1_17' title="bbox 277 1668 1405 1728; baseline -0.001 -15"><span class='ocrx_word' id='word_1_99' title='bbox 277 1683 392 1722; x_wconf 87' lang='lat' dir='ltr'><strong>cum,</strong></span> <span class='ocrx_word' id='word_1_100' title='bbox 425 1676 469 1712; x_wconf 85' lang='lat' dir='ltr'><strong>ut</strong></span> <span class='ocrx_word' id='word_1_101' title='bbox 495 1668 756 1727; x_wconf 84' lang='lat' dir='ltr'><strong>discipulum.</strong></span> <span class='ocrx_word' id='word_1_102' title='bbox 821 1670 916 1712; x_wconf 85' lang='lat' dir='ltr'><strong>Non</strong></span> <span class='ocrx_word' id='word_1_103' title='bbox 947 1669 1104 1713; x_wconf 82' lang='lat' dir='ltr'><strong>frustra</strong></span> <span class='ocrx_word' id='word_1_104' title='bbox 1137 1669 1221 1713; x_wconf 85' lang='lat' dir='ltr'><strong>hoc</strong></span> <span class='ocrx_word' id='word_1_105' title='bbox 1252 1669 1405 1728; x_wconf 85' lang='lat' dir='ltr'><strong>petiis-</strong></span> 
     </span>
     <span class='ocr_line' id='line_1_18' title="bbox 277 1754 1406 1810; baseline -0.002 -12"><span class='ocrx_word' id='word_1_106' title='bbox 277 1768 364 1798; x_wconf 87' lang='lat' dir='ltr'><strong>sem</strong></span> <span class='ocrx_word' id='word_1_107' title='bbox 398 1754 452 1796; x_wconf 90' lang='lat' dir='ltr'><strong>ab</strong></span> <span class='ocrx_word' id='word_1_108' title='bbox 486 1754 739 1806; x_wconf 82' lang='lat' dir='ltr'><strong>Oordtio,</strong></span> <span class='ocrx_word' id='word_1_109' title='bbox 770 1754 997 1797; x_wconf 86' lang='lat' dir='ltr'><strong>venerabili</strong></span> <span class='ocrx_word' id='word_1_110' title='bbox 1024 1754 1096 1797; x_wconf 92' lang='lat' dir='ltr'><strong>illo</strong></span> <span class='ocrx_word' id='word_1_111' title='bbox 1125 1769 1247 1807; x_wconf 87' lang='lat' dir='ltr'><strong>sene,</strong></span> <span class='ocrx_word' id='word_1_112' title='bbox 1281 1768 1406 1810; x_wconf 87' lang='lat' dir='ltr'><strong>quem</strong></span> 
     </span>
     <span class='ocr_line' id='line_1_19' title="bbox 277 1838 1405 1898; baseline -0.001 -16"><span class='ocrx_word' id='word_1_113' title='bbox 277 1839 403 1883; x_wconf 80' lang='lat' dir='ltr'><strong>nobiS</strong></span> <span class='ocrx_word' id='word_1_114' title='bbox 449 1839 689 1897; x_wconf 76' lang='lat' dir='ltr'><strong>nuperrime</strong></span> <span class='ocrx_word' id='word_1_115' title='bbox 731 1846 866 1883; x_wconf 85' lang='lat' dir='ltr'><strong>morte</strong></span> <span class='ocrx_word' id='word_1_116' title='bbox 911 1846 1100 1898; x_wconf 84' lang='lat' dir='ltr'><strong>ereptum</strong></span> <span class='ocrx_word' id='word_1_117' title='bbox 1141 1854 1231 1883; x_wconf 85' lang='lat' dir='ltr'><strong>esse</strong></span> <span class='ocrx_word' id='word_1_118' title='bbox 1276 1838 1405 1882; x_wconf 87' lang='lat' dir='ltr'><strong>vehe-</strong></span> 
     </span>
     <span class='ocr_line' id='line_1_20' title="bbox 263 1922 1405 1981; baseline -0.002 -13"><span class='ocrx_word' id='word_1_119' title='bbox 263 1930 441 1968; x_wconf 67' lang='lat' dir='ltr'><strong>-menter</strong></span> <span class='ocrx_word' id='word_1_120' title='bbox 461 1922 609 1978; x_wconf 69' lang='lat' dir='ltr'><strong>doleo,</strong></span> <span class='ocrx_word' id='word_1_121' title='bbox 668 1937 765 1966; x_wconf 84' lang='lat' dir='ltr'><strong>nam</strong></span> <span class='ocrx_word' id='word_1_122' title='bbox 795 1922 934 1967; x_wconf 84' lang='lat' dir='ltr'><strong>multis</strong></span> <span class='ocrx_word' id='word_1_123' title='bbox 966 1923 1211 1981; x_wconf 82' lang='lat' dir='ltr'><strong>magnisque</strong></span> <span class='ocrx_word' id='word_1_124' title='bbox 1233 1937 1331 1976; x_wconf 91' lang='lat' dir='ltr'><strong>me,</strong></span> <span class='ocrx_word' id='word_1_125' title='bbox 1360 1922 1405 1966; x_wconf 88' lang='lat' dir='ltr'><strong>in</strong></span> 
     </span>
     <span class='ocr_line' id='line_1_21' title="bbox 280 2005 1403 2065; baseline -0.001 -15"><span class='ocrx_word' id='word_1_126' title='bbox 280 2005 362 2050; x_wconf 86' lang='lat' dir='ltr'><strong>hac</strong></span> <span class='ocrx_word' id='word_1_127' title='bbox 402 2007 630 2050; x_wconf 84' lang='lat' dir='ltr'><strong>Academia</strong></span> <span class='ocrx_word' id='word_1_128' title='bbox 670 2008 914 2065; x_wconf 86' lang='lat' dir='ltr'><strong>degentem,</strong></span> <span class='ocrx_word' id='word_1_129' title='bbox 957 2007 1170 2052; x_wconf 82' lang='lat' dir='ltr'><strong>beneficiis</strong></span> <span class='ocrx_word' id='word_1_130' title='bbox 1210 2006 1403 2059; x_wconf 82' lang='lat' dir='ltr'><strong>ornavit,</strong></span> 
     </span>
     <span class='ocr_line' id='line_1_22' title="bbox 264 2090 1404 2149; baseline 0 -16"><span class='ocrx_word' id='word_1_131' title='bbox 264 2105 390 2147; x_wconf 85' lang='lat' dir='ltr'><strong>¹quae</strong></span> <span class='ocrx_word' id='word_1_132' title='bbox 424 2099 542 2148; x_wconf 81' lang='lat' dir='ltr'><strong>grata</strong></span> <span class='ocrx_word' id='word_1_133' title='bbox 577 2105 744 2149; x_wconf 73' lang='lat' dir='ltr'><strong>semper</strong></span> <span class='ocrx_word' id='word_1_134' title='bbox 781 2091 974 2135; x_wconf 84' lang='lat' dir='ltr'><strong>recolam·</strong></span> <span class='ocrx_word' id='word_1_135' title='bbox 1003 2090 1219 2135; x_wconf 84' lang='lat' dir='ltr'><strong>memoria.</strong></span> <span class='ocrx_word' id='word_1_136' title='bbox 1307 2090 1404 2134; x_wconf 84' lang='lat' dir='ltr'><strong>Non</strong></span> 
     </span>
     <span class='ocr_line' id='line_1_23' title="bbox 284 2173 1406 2233; baseline 0.001 -17"><span class='ocrx_word' id='word_1_137' title='bbox 284 2174 437 2217; x_wconf 81' lang='lat' dir='ltr'><strong>frustra</strong></span> <span class='ocrx_word' id='word_1_138' title='bbox 484 2191 507 2218; x_wconf 88' lang='lat' dir='ltr'><strong>a</strong></span> <span class='ocrx_word' id='word_1_139' title='bbox 550 2183 590 2218; x_wconf 81' lang='lat' dir='ltr'><strong>te</strong></span> <span class='ocrx_word' id='word_1_140' title='bbox 629 2175 730 2218; x_wconf 86' lang='lat' dir='ltr'><strong>illud</strong></span> <span class='ocrx_word' id='word_1_141' title='bbox 768 2183 890 2233; x_wconf 88' lang='lat' dir='ltr'><strong>peto,</strong></span> <span class='ocrx_word' id='word_1_142' title='bbox 940 2176 1216 2221; x_wconf 86' lang='lat' dir='ltr'><strong>eruditissime</strong></span> <span class='ocrx_word' id='word_1_143' title='bbox 1264 2173 1406 2218; x_wconf 83' lang='lat' dir='ltr'><strong>Bou-</strong></span> 
     </span>
     <span class='ocr_line' id='line_1_24' title="bbox 282 2251 1405 2315; baseline -0.003 -12"><span class='ocrx_word' id='word_1_144' title='bbox 282 2262 507 2303; x_wconf 79' lang='lat' dir='ltr'><strong>manne!</strong></span> <span class='ocrx_word' id='word_1_145' title='bbox 541 2275 635 2303; x_wconf 85' lang='lat' dir='ltr'><strong>nam</strong></span> <span class='ocrx_word' id='word_1_146' title='bbox 668 2259 763 2302; x_wconf 87' lang='lat' dir='ltr'><strong>novi</strong></span> <span class='ocrx_word' id='word_1_147' title='bbox 795 2273 880 2303; x_wconf 90' lang='lat' dir='ltr'><strong>non</strong></span> <span class='ocrx_word' id='word_1_148' title='bbox 912 2251 1071 2303; x_wconf 81' lang='lat' dir='ltr'><strong>tantum</strong></span> <span class='ocrx_word' id='word_1_149' title='bbox 1108 2266 1221 2303; x_wconf 80' lang='lat' dir='ltr'><strong>tuam</strong></span> <span class='ocrx_word' id='word_1_150' title='bbox 1256 2258 1405 2315; x_wconf 85' lang='lat' dir='ltr'><strong>singu-</strong></span> 
     </span>
    </p>
   </div>
  </div>
 </body>
</html>
