1492 2896
614 251 664 289 21

70 385 113 428 in
139 382 205 426 his
231 381 516 427 Schro'derum
533 411 543 424 ,
575 377 888 436 philosophiae,
920 386 959 422 et
977 380 1178 425 Goudoe-

72 475 235 513 verum,
265 456 529 502 humanitatis
556 456 792 506 doctorem,
824 462 1042 512 utrumque
1066 459 1175 500 ami-

73 537 280 582 cissimum
315 534 415 579 mihi
449 533 605 585 virum,
652 531 969 575 Goudoeverum
1011 539 1175 586 autem,

74 619 250 673 propter
265 610 506 669 disciplinae
521 607 860 652 necessitudinem
874 639 884 658 ‚
902 608 1172 652 carissimum.

74 689 236 749 Quibus
263 687 364 745 quid
391 685 607 737 debueris,
637 684 751 728 testis
784 699 875 727 cum
904 691 991 727 tota
1019 692 1089 727 tua
1119 690 1175 728 de

78 769 289 811 Cicerone
332 763 739 821 φιλοπλάτωνι,
808 760 1042 817 disquisitio
1085 769 1176 812 est,

75 857 209 903 nuper
243 856 268 886 a
299 847 339 885 te
365 839 531 898 publice
560 838 755 889 defensa,
785 843 872 879 tum
911 836 1081 894 epistola
1121 837 1178 879 ati

77 934 143 964 me
182 915 453 975 disquisitioni
492 913 718 974 praemissa
735 945 746 966 ,
791 928 873 969 qua
903 912 1050 955 dubito
1080 927 1181 957 num

75 997 235 1054 majore
259 994 360 1052 quid
387 993 516 1037 scribi
542 992 673 1050 possit
698 998 736 1033 et
759 1004 858 1047 erga
885 997 1180 1049 praeceptores

78 1070 341 1117 observantia
373 1076 411 1113 et
443 1083 540 1125 erga
571 1074 784 1126 parentem
817 1065 981 1124 pietate.
1045 1067 1183 1110 Macte

79 1149 160 1193 hac
189 1148 259 1191 tua
295 1160 387 1191 cum
415 1144 634 1195 felicitate,
677 1150 762 1186 tum
804 1142 975 1193 virtute,
1021 1142 1075 1184 mi
1112 1142 1182 1186 fiii.

80 1225 224 1270 Talem
254 1222 328 1279 qui
363 1236 407 1265 se
440 1236 464 1264 a
497 1219 630 1279 prima
666 1215 944 1261 adolescentia
980 1222 1020 1261 et
1054 1217 1181 1260 filium

81 1309 121 1346 et
155 1299 399 1358 discipulum
435 1296 663 1356 praestitit,
702 1295 736 1338 is
769 1294 878 1337 haud
913 1293 1184 1336 dedecorabit

79 1386 220 1436 togam
247 1376 356 1419 hanc
382 1374 650 1418 doctoralem.
712 1371 778 1414 Tu
810 1385 906 1414 vero
939 1371 1026 1421 fac,
1057 1369 1185 1413 decus

82 1455 120 1499 ei
144 1453 275 1498 addas
297 1450 537 1509 aliquando.
610 1449 753 1493 Addes
778 1456 938 1498 autem,
969 1446 1003 1489 si
1031 1446 1112 1498 sic,
1140 1452 1186 1488 ut

83 1529 281 1589 coepisti,
305 1527 547 1586 perrexeris.
609 1526 738 1576 Nam,
768 1524 880 1580 quod
902 1523 1004 1566 dixit
1023 1522 1187 1579 Quinc-

83 1607 269 1659 tilianus‚
299 1605 350 1648 de
374 1618 422 1647 eo
443 1604 548 1647 bene
572 1615 740 1660 sperare
767 1601 911 1650 licere,
946 1599 1011 1642 cui
1039 1598 1187 1642 Cicero

84 1682 261 1743 placuit,
303 1680 380 1724 tibi
419 1687 458 1723 et
497 1679 642 1722 Cicero
681 1676 834 1735 placuit
874 1683 913 1718 et
952 1690 1076 1727 vero,
1118 1675 1188 1731 qui

87 1759 278 1804 Ciceroni
305 1759 515 1817 placuerat
549 1755 694 1804 unice,
727 1754 860 1797 Plato,
898 1806 902 1810 ἱ
954 1751 1190 1805 Utrumque

87 1837 210 1894 igitur
242 1834 418 1886 deinde,
450 1833 561 1889 quod
603 1831 739 1874 adhuc
781 1828 936 1876 fecisti,
968 1828 1055 1884 lege
1092 1827 1189 1869 dili-

89 1919 243 1972 genter.
338 1910 454 1967 Quae
483 1917 521 1952 ιε
550 1907 654 1951 vitae
687 1904 873 1948 conditio
903 1910 1091 1959 maneat,
1119 1903 1189 1945 in-

90 1997 247 2035 certum
288 1994 378 2031 est:
440 1985 512 2030 sed
554 1982 714 2027 etiamsi
749 1995 959 2036 nunquam
1004 1980 1188 2035 doctoris

89 2073 230 2126 partes
251 2071 414 2108 acturus
437 2062 513 2114 sis,
544 2059 683 2118 capies
710 2071 758 2102 ex
784 2056 993 2112 utriusque
1016 2055 1190 2099 lectione

92 2143 145 2190 ad
178 2155 314 2186 rerum
347 2137 648 2198 cognitionem,
682 2133 780 2191 quin
817 2133 937 2176 etiam
974 2131 1026 2175 ad
1066 2131 1190 2175 vitam

93 2227 134 2265 et
161 2232 298 2262 mores
327 2217 505 2260 fructum
537 2211 804 2256 uberrimum.
886 2207 1000 2252 Cavev
1024 2215 1160 2252 autem
1178 2238 1188 2256 ,

94 2297 377 2342 Homerum
422 2291 615 2350 negligas.
696 2287 852 2332 Novisti
890 2285 988 2343 quid
1026 2285 1076 2330 de
1112 2285 1193 2329 hoc
