<?xml version="1.0" encoding="UTF-8"?>
<!DOCTYPE html PUBLIC "-//W3C//DTD XHTML 1.0 Transitional//EN"
    "http://www.w3.org/TR/xhtml1/DTD/xhtml1-transitional.dtd">
<html xmlns="http://www.w3.org/1999/xhtml" xml:lang="en" lang="en">
 <head>
  <title>
</title>
<meta http-equiv="Content-Type" content="text/html;charset=utf-8" />
  <meta name='ocr-system' content='tesseract 3.04.00' />
  <meta name='ocr-capabilities' content='ocr_page ocr_carea ocr_par ocr_line ocrx_word'/>
</head>
<body>
  <div class='ocr_page' id='page_1' title='image "annalesacademiae36acad_0112.png"; bbox 0 0 1492 2896; ppageno 0'>
   <div class='ocr_carea' id='block_1_1' title="bbox 320 289 1161 344">
    <p class='ocr_par' dir='ltr' id='par_1_1' title="bbox 320 289 1161 344">
     <span class='ocr_line' id='line_1_1' title="bbox 320 289 1161 344; baseline 0.005 -12"><span class='ocrx_word' id='word_1_1' title='bbox 320 290 368 333; x_wconf 65' lang='lat'><strong>14</strong></span> <span class='ocrx_word' id='word_1_2' title='bbox 566 291 650 335; x_wconf 78' lang='lat' dir='ltr'><strong>PH.</strong></span> <span class='ocrx_word' id='word_1_3' title='bbox 684 292 735 336; x_wconf 80' lang='lat' dir='ltr'><strong>G.</strong></span> <span class='ocrx_word' id='word_1_4' title='bbox 767 302 867 335; x_wconf 68' lang='lat' dir='ltr'><strong>vAn</strong></span> <span class='ocrx_word' id='word_1_5' title='bbox 901 289 1161 344; x_wconf 83' lang='lat' dir='ltr'>HEUSDE‚</span> 
     </span>
    </p>
   </div>
   <div class='ocr_carea' id='block_1_2' title="bbox 289 426 1405 2408">
    <p class='ocr_par' dir='ltr' id='par_1_2' title="bbox 289 426 1405 2408">
     <span class='ocr_line' id='line_1_2' title="bbox 307 426 1405 487; baseline -0.003 -17"><span class='ocrx_word' id='word_1_6' title='bbox 307 427 395 471; x_wconf 86' lang='lat' dir='ltr'><strong>illas</strong></span> <span class='ocrx_word' id='word_1_7' title='bbox 423 427 721 485; x_wconf 73' lang='lat' dir='ltr'>complectatur</span> <span class='ocrx_word' id='word_1_8' title='bbox 744 441 793 470; x_wconf 83' lang='lat' dir='ltr'><strong>ac</strong></span> <span class='ocrx_word' id='word_1_9' title='bbox 819 434 1062 480; x_wconf 86' lang='lat' dir='ltr'><strong>connectat,</strong></span> <span class='ocrx_word' id='word_1_10' title='bbox 1090 426 1326 487; x_wconf 81' lang='lat' dir='ltr'><strong>adhibenda</strong></span> <span class='ocrx_word' id='word_1_11' title='bbox 1350 427 1405 471; x_wconf 83' lang='lat' dir='ltr'><strong>li-</strong></span> 
     </span>
     <span class='ocr_line' id='line_1_3' title="bbox 304 503 1403 561; baseline 0.001 -15"><span class='ocrx_word' id='word_1_12' title='bbox 304 513 484 547; x_wconf 74' lang='lat' dir='ltr'><strong>terarum</strong></span> <span class='ocrx_word' id='word_1_13' title='bbox 519 504 653 548; x_wconf 79' lang='lat' dir='ltr'><strong>studia</strong></span> <span class='ocrx_word' id='word_1_14' title='bbox 688 511 795 548; x_wconf 89' lang='lat' dir='ltr'><strong>sunt.</strong></span> <span class='ocrx_word' id='word_1_15' title='bbox 857 503 1058 547; x_wconf 88' lang='lat' dir='ltr'>Viderunt</span> <span class='ocrx_word' id='word_1_16' title='bbox 1097 503 1178 547; x_wconf 87' lang='lat' dir='ltr'><strong>hoc</strong></span> <span class='ocrx_word' id='word_1_17' title='bbox 1216 503 1403 561; x_wconf 83' lang='lat' dir='ltr'><strong>Antiqui.</strong></span> 
     </span>
     <span class='ocr_line' id='line_1_4' title="bbox 305 566 1404 624; baseline 0.002 -2"><span class='ocrx_word' id='word_1_18' title='bbox 305 581 413 624; x_wconf 81' lang='lat' dir='ltr'><strong>Tum</strong></span> <span class='ocrx_word' id='word_1_19' title='bbox 446 580 620 623; x_wconf 83' lang='lat' dir='ltr'>maxime</span> <span class='ocrx_word' id='word_1_20' title='bbox 653 579 800 623; x_wconf 81' lang='lat' dir='ltr'><strong>Cicero</strong></span> <span class='ocrx_word' id='word_1_21' title='bbox 831 579 1089 622; x_wconf 84' lang='lat' dir='ltr'><strong>laudatarum</strong></span> <span class='ocrx_word' id='word_1_22' title='bbox 1121 579 1270 623; x_wconf 81' lang='lat' dir='ltr'><strong>artium</strong></span> <span class='ocrx_word' id='word_1_23' title='bbox 1307 566 1404 624; x_wconf 82' lang='lat' dir='ltr'><strong>vin—</strong></span> 
     </span>
     <span class='ocr_line' id='line_1_5' title="bbox 302 656 1403 715; baseline 0.003 -17"><span class='ocrx_word' id='word_1_24' title='bbox 302 657 435 700; x_wconf 81' lang='lat' dir='ltr'><strong>culum</strong></span> <span class='ocrx_word' id='word_1_25' title='bbox 462 665 501 701; x_wconf 89' lang='lat' dir='ltr'><strong>et</strong></span> <span class='ocrx_word' id='word_1_26' title='bbox 528 657 814 714; x_wconf 81' lang='lat' dir='ltr'>cognationem</span> <span class='ocrx_word' id='word_1_27' title='bbox 841 663 1064 709; x_wconf 85' lang='lat' dir='ltr'><strong>memorat,</strong></span> <span class='ocrx_word' id='word_1_28' title='bbox 1087 656 1182 710; x_wconf 90' lang='lat' dir='ltr'><strong>ubi,</strong></span> <span class='ocrx_word' id='word_1_29' title='bbox 1206 670 1288 715; x_wconf 90' lang='lat' dir='ltr'><strong>pro</strong></span> <span class='ocrx_word' id='word_1_30' title='bbox 1313 657 1403 701; x_wconf 86' lang='lat' dir='ltr'><strong>Ar-</strong></span> 
     </span>
     <span class='ocr_line' id='line_1_6' title="bbox 303 733 1397 793; baseline 0.001 -17"><span class='ocrx_word' id='word_1_31' title='bbox 303 735 395 778; x_wconf 81' lang='lat' dir='ltr'><strong>chia</strong></span> <span class='ocrx_word' id='word_1_32' title='bbox 424 742 548 793; x_wconf 88' lang='lat' dir='ltr'><strong>poeta</strong></span> <span class='ocrx_word' id='word_1_33' title='bbox 581 734 749 787; x_wconf 83' lang='lat' dir='ltr'><strong>dicens,</strong></span> <span class='ocrx_word' id='word_1_34' title='bbox 792 734 1003 778; x_wconf 88' lang='lat' dir='ltr'><strong>literarum</strong></span> <span class='ocrx_word' id='word_1_35' title='bbox 1033 733 1171 778; x_wconf 84' lang='lat' dir='ltr'><strong>studia</strong></span> <span class='ocrx_word' id='word_1_36' title='bbox 1201 733 1397 781; x_wconf 82' lang='lat' dir='ltr'><strong>celebrat.</strong></span> 
     </span>
     <span class='ocr_line' id='line_1_7' title="bbox 300 809 1401 871; baseline -0.003 -15"><span class='ocrx_word' id='word_1_37' title='bbox 300 812 385 856; x_wconf 85' lang='lat' dir='ltr'><strong>Sed</strong></span> <span class='ocrx_word' id='word_1_38' title='bbox 409 828 476 857; x_wconf 88' lang='lat' dir='ltr'><strong>res</strong></span> <span class='ocrx_word' id='word_1_39' title='bbox 501 813 591 871; x_wconf 86' lang='lat' dir='ltr'><strong>ipsa</strong></span> <span class='ocrx_word' id='word_1_40' title='bbox 617 812 797 868; x_wconf 84' lang='lat' dir='ltr'><strong>loquitur</strong></span> <span class='ocrx_word' id='word_1_41' title='bbox 812 843 825 864; x_wconf 90' lang='lat'><strong><em>,</em></strong></span> <span class='ocrx_word' id='word_1_42' title='bbox 845 810 1084 856; x_wconf 84' lang='lat' dir='ltr'><strong>Auditores.</strong></span> <span class='ocrx_word' id='word_1_43' title='bbox 1121 810 1231 854; x_wconf 86' lang='lat' dir='ltr'><strong>Nam</strong></span> <span class='ocrx_word' id='word_1_44' title='bbox 1252 809 1401 858; x_wconf 85' lang='lat' dir='ltr'><strong>studiis</strong></span> 
     </span>
     <span class='ocr_line' id='line_1_8' title="bbox 300 886 1402 946; baseline 0.001 -17"><span class='ocrx_word' id='word_1_45' title='bbox 300 888 363 932; x_wconf 80' lang='lat' dir='ltr'><strong>his</strong></span> <span class='ocrx_word' id='word_1_46' title='bbox 384 903 468 932; x_wconf 89' lang='lat' dir='ltr'><strong>non</strong></span> <span class='ocrx_word' id='word_1_47' title='bbox 488 889 750 946; x_wconf 83' lang='lat' dir='ltr'>intelligimus</span> <span class='ocrx_word' id='word_1_48' title='bbox 768 902 894 931; x_wconf 77' lang='lat' dir='ltr'><strong>vanas</strong></span> <span class='ocrx_word' id='word_1_49' title='bbox 911 886 1277 944; x_wconf 82' lang='lat' dir='ltr'><strong>grammaticorum</strong></span> <span class='ocrx_word' id='word_1_50' title='bbox 1289 900 1402 944; x_wconf 88' lang='lat' dir='ltr'><strong>quo-</strong></span> 
     </span>
     <span class='ocr_line' id='line_1_9' title="bbox 299 962 1401 1014; baseline -0.001 -7"><span class='ocrx_word' id='word_1_51' title='bbox 299 966 474 1008; x_wconf 65' lang='lat' dir='ltr'><strong>rundam</strong></span> <span class='ocrx_word' id='word_1_52' title='bbox 524 965 576 1009; x_wconf 86' lang='lat' dir='ltr'><strong>de</strong></span> <span class='ocrx_word' id='word_1_53' title='bbox 623 965 758 1008; x_wconf 83' lang='lat' dir='ltr'><strong>verbis</strong></span> <span class='ocrx_word' id='word_1_54' title='bbox 794 971 833 1008; x_wconf 83' lang='lat' dir='ltr'><strong>ct</strong></span> <span class='ocrx_word' id='word_1_55' title='bbox 872 964 1044 1008; x_wconf 85' lang='lat' dir='ltr'><strong>vocibus</strong></span> <span class='ocrx_word' id='word_1_56' title='bbox 1085 962 1401 1014; x_wconf 80' lang='lat' dir='ltr'><strong>contentiones,</strong></span> 
     </span>
     <span class='ocr_line' id='line_1_10' title="bbox 299 1039 1399 1101; baseline -0.002 -16"><span class='ocrx_word' id='word_1_57' title='bbox 299 1057 406 1098; x_wconf 82' lang='lat' dir='ltr'><strong>quae</strong></span> <span class='ocrx_word' id='word_1_58' title='bbox 432 1041 535 1101; x_wconf 89' lang='lat' dir='ltr'><strong>ipsis</strong></span> <span class='ocrx_word' id='word_1_59' title='bbox 563 1041 692 1086; x_wconf 86' lang='lat' dir='ltr'><strong>literis</strong></span> <span class='ocrx_word' id='word_1_60' title='bbox 722 1041 857 1085; x_wconf 89' lang='lat' dir='ltr'><strong>labem</strong></span> <span class='ocrx_word' id='word_1_61' title='bbox 892 1041 1215 1099; x_wconf 80' lang='lat' dir='ltr'><strong>adsperserunt3</strong></span> <span class='ocrx_word' id='word_1_62' title='bbox 1244 1039 1399 1085; x_wconf 82' lang='lat' dir='ltr'><strong>intelli-</strong></span> 
     </span>
     <span class='ocr_line' id='line_1_11' title="bbox 296 1116 1399 1177; baseline -0.002 -15"><span class='ocrx_word' id='word_1_63' title='bbox 296 1119 451 1175; x_wconf 82' lang='lat' dir='ltr'><strong>gimus,</strong></span> <span class='ocrx_word' id='word_1_64' title='bbox 489 1120 603 1176; x_wconf 89' lang='lat' dir='ltr'><strong>quod</strong></span> <span class='ocrx_word' id='word_1_65' title='bbox 640 1118 844 1177; x_wconf 85' lang='lat' dir='ltr'><strong>spectavit</strong></span> <span class='ocrx_word' id='word_1_66' title='bbox 879 1118 949 1162; x_wconf 87' lang='lat' dir='ltr'><strong>Jo.</strong></span> <span class='ocrx_word' id='word_1_67' title='bbox 982 1117 1107 1161; x_wconf 87' lang='lat' dir='ltr'><strong>Fred.</strong></span> <span class='ocrx_word' id='word_1_68' title='bbox 1135 1116 1399 1170; x_wconf 72' lang='lat' dir='ltr'><strong>Gronovius,—</strong></span> 
     </span>
     <span class='ocr_line' id='line_1_12' title="bbox 297 1193 1400 1252; baseline 0 -15"><span class='ocrx_word' id='word_1_69' title='bbox 297 1199 434 1240; x_wconf 78' lang='lat' dir='ltr'><strong>lumen</strong></span> <span class='ocrx_word' id='word_1_70' title='bbox 479 1196 577 1240; x_wconf 83' lang='lat' dir='ltr'><strong>illud</strong></span> <span class='ocrx_word' id='word_1_71' title='bbox 622 1195 834 1252; x_wconf 89' lang='lat' dir='ltr'><strong>quondam</strong></span> <span class='ocrx_word' id='word_1_72' title='bbox 873 1194 1124 1239; x_wconf 85' lang='lat' dir='ltr'><strong>Academiae</strong></span> <span class='ocrx_word' id='word_1_73' title='bbox 1168 1193 1400 1252; x_wconf 78' lang='lat' dir='ltr'><strong>Lugdune-</strong></span> 
     </span>
     <span class='ocr_line' id='line_1_13' title="bbox 296 1271 1393 1329; baseline -0.001 -12"><span class='ocrx_word' id='word_1_74' title='bbox 296 1274 502 1323; x_wconf 65' lang='lat' dir='ltr'><strong>Butam,</strong></span> <span class='ocrx_word' id='word_1_75' title='bbox 537 1288 662 1329; x_wconf 84' lang='lat' dir='ltr'><strong>quum</strong></span> <span class='ocrx_word' id='word_1_76' title='bbox 695 1273 747 1316; x_wconf 90' lang='lat' dir='ltr'><strong>ad</strong></span> <span class='ocrx_word' id='word_1_77' title='bbox 778 1272 990 1317; x_wconf 84' lang='lat' dir='ltr'><strong>Heinsium</strong></span> <span class='ocrx_word' id='word_1_78' title='bbox 1019 1286 1138 1316; x_wconf 90' lang='lat' dir='ltr'><strong>suum</strong></span> <span class='ocrx_word' id='word_1_79' title='bbox 1168 1271 1393 1316; x_wconf 82' lang='lat' dir='ltr'><strong>scriberet·</strong></span> 
     </span>
     <span class='ocr_line' id='line_1_14' title="bbox 295 1351 1402 1406; baseline 0.001 -15"><span class='ocrx_word' id='word_1_80' title='bbox 295 1368 377 1405; x_wconf 73' lang='lat' dir='ltr'><strong>ego</strong></span> <span class='ocrx_word' id='word_1_81' title='bbox 411 1368 439 1391; x_wconf 83' lang='lat' dir='ltr'><em>a</em></span> <span class='ocrx_word' id='word_1_82' title='bbox 465 1354 622 1406; x_wconf 77' lang='lat' dir='ltr'><strong><em>prima</em></strong></span> <span class='ocrx_word' id='word_1_83' title='bbox 649 1358 798 1392; x_wconf 72' lang='lat' dir='ltr'><strong>aetate</strong></span> <span class='ocrx_word' id='word_1_84' title='bbox 828 1367 874 1392; x_wconf 83' lang='lat' dir='ltr'><em>m</em></span> <span class='ocrx_word' id='word_1_85' title='bbox 901 1352 1089 1392; x_wconf 79' lang='lat' dir='ltr'><strong>lectione</strong></span> <span class='ocrx_word' id='word_1_86' title='bbox 1117 1357 1324 1393; x_wconf 79' lang='lat' dir='ltr'><strong>veterum</strong></span> <span class='ocrx_word' id='word_1_87' title='bbox 1350 1351 1402 1392; x_wconf 79' lang='lat' dir='ltr'><strong>id</strong></span> 
     </span>
     <span class='ocr_line' id='line_1_15' title="bbox 289 1428 1402 1482; baseline -0.001 -13"><span class='ocrx_word' id='word_1_88' title='bbox 289 1431 580 1482; x_wconf 72' lang='lat' dir='ltr'><strong>potissimum</strong></span> <span class='ocrx_word' id='word_1_89' title='bbox 607 1428 746 1472; x_wconf 76' lang='lat' dir='ltr'><strong>habu-i</strong></span> <span class='ocrx_word' id='word_1_90' title='bbox 763 1458 775 1477; x_wconf 86' lang='lat'>‚</span> <span class='ocrx_word' id='word_1_91' title='bbox 809 1435 859 1468; x_wconf 81' lang='lat' dir='ltr'><strong>ut</strong></span> <span class='ocrx_word' id='word_1_92' title='bbox 888 1430 977 1469; x_wconf 78' lang='lat' dir='ltr'><strong>mei</strong></span> <span class='ocrx_word' id='word_1_93' title='bbox 1008 1443 1158 1469; x_wconf 69' lang='lat' dir='ltr'><strong>more-s·</strong></span> <span class='ocrx_word' id='word_1_94' title='bbox 1186 1430 1402 1470; x_wconf 73' lang='lat' dir='ltr'><strong>emenda——</strong></span> 
     </span>
     <span class='ocr_line' id='line_1_16' title="bbox 299 1505 1395 1558; baseline 0.003 -13"><span class='ocrx_word' id='word_1_95' title='bbox 299 1514 480 1556; x_wconf 69' lang='lat' dir='ltr'><strong>rentur,</strong></span> <span class='ocrx_word' id='word_1_96' title='bbox 519 1521 604 1546; x_wconf 78' lang='lat' dir='ltr'><strong>non</strong></span> <span class='ocrx_word' id='word_1_97' title='bbox 635 1513 685 1545; x_wconf 76' lang='lat' dir='ltr'><strong>ut</strong></span> <span class='ocrx_word' id='word_1_98' title='bbox 716 1507 870 1558; x_wconf 78' lang='lat' dir='ltr'><strong>apices</strong></span> <span class='ocrx_word' id='word_1_99' title='bbox 896 1512 940 1545; x_wconf 77' lang='lat' dir='ltr'><strong>ec</strong></span> <span class='ocrx_word' id='word_1_100' title='bbox 961 1511 1141 1558; x_wconf 80' lang='lat' dir='ltr'><strong>puncta</strong></span> <span class='ocrx_word' id='word_1_101' title='bbox 1169 1505 1395 1548; x_wconf 70' lang='lat' dir='ltr'><strong>libr-onum</strong></span> 
     </span>
     <span class='ocr_line' id='line_1_17' title="bbox 298 1582 1399 1637; baseline 0.001 -16"><span class='ocrx_word' id='word_1_102' title='bbox 298 1585 607 1637; x_wconf 72' lang='lat' dir='ltr'><strong>corrigerem:</strong></span> <span class='ocrx_word' id='word_1_103' title='bbox 637 1582 974 1636; x_wconf 72' lang='lat' dir='ltr'><strong>philosophiam</strong></span> <span class='ocrx_word' id='word_1_104' title='bbox 1012 1583 1239 1636; x_wconf 75' lang='lat' dir='ltr'><strong>spectavi,</strong></span> <span class='ocrx_word' id='word_1_105' title='bbox 1273 1584 1399 1624; x_wconf 76' lang='lat' dir='ltr'><em>anti-</em></span> 
     </span>
     <span class='ocr_line' id='line_1_18' title="bbox 297 1659 1396 1715; baseline 0.002 -16"><span class='ocrx_word' id='word_1_106' title='bbox 297 1675 432 1715; x_wconf 69' lang='lat' dir='ltr'><strong>quam</strong></span> <span class='ocrx_word' id='word_1_107' title='bbox 448 1662 576 1702; x_wconf 78' lang='lat' dir='ltr'><em>illam</em></span> <span class='ocrx_word' id='word_1_108' title='bbox 593 1667 636 1701; x_wconf 82' lang='lat' dir='ltr'><strong>et</strong></span> <span class='ocrx_word' id='word_1_109' title='bbox 655 1661 924 1709; x_wconf 76' lang='lat' dir='ltr'><em>masculam,</em></span> <span class='ocrx_word' id='word_1_110' title='bbox 947 1674 1060 1714; x_wconf 73' lang='lat' dir='ltr'><strong>qaae</strong></span> <span class='ocrx_word' id='word_1_111' title='bbox 1072 1659 1396 1713; x_wconf 69' lang='lat' dir='ltr'><strong>philosophum</strong></span> 
     </span>
     <span class='ocr_line' id='line_1_19' title="bbox 298 1736 1397 1791; baseline -0.001 -13"><span class='ocrx_word' id='word_1_112' title='bbox 298 1740 446 1778; x_wconf 58' lang='lat' dir='ltr'><em>viram</em></span> <span class='ocrx_word' id='word_1_113' title='bbox 473 1737 632 1778; x_wconf 70' lang='lat' dir='ltr'><strong>bombm</strong></span> <span class='ocrx_word' id='word_1_114' title='bbox 657 1736 883 1791; x_wconf 75' lang='lat' dir='ltr'><strong>putabat5</strong></span> <span class='ocrx_word' id='word_1_115' title='bbox 907 1736 1148 1776; x_wconf 72' lang='lat' dir='ltr'><em>historiam</em></span> <span class='ocrx_word' id='word_1_116' title='bbox 1171 1737 1397 1789; x_wconf 78' lang='lat' dir='ltr'><strong>spectavi,</strong></span> 
     </span>
     <span class='ocr_line' id='line_1_20' title="bbox 296 1809 1398 1869; baseline -0.001 -14"><span class='ocrx_word' id='word_1_117' title='bbox 296 1830 410 1869; x_wconf 68' lang='lat' dir='ltr'><strong>quae</strong></span> <span class='ocrx_word' id='word_1_118' title='bbox 437 1815 586 1855; x_wconf 72' lang='lat' dir='ltr'><strong>civilis</strong></span> <span class='ocrx_word' id='word_1_119' title='bbox 607 1814 858 1866; x_wconf 74' lang='lat' dir='ltr'><strong>prudentia</strong></span> <span class='ocrx_word' id='word_1_120' title='bbox 881 1818 1010 1853; x_wconf 70' lang='lat' dir='ltr'><strong>esset.</strong></span> <span class='ocrx_word' id='word_1_121' title='bbox 1055 1809 1174 1854; x_wconf 86' lang='lat' dir='ltr'><strong>Hanc</strong></span> <span class='ocrx_word' id='word_1_122' title='bbox 1197 1824 1276 1854; x_wconf 87' lang='lat' dir='ltr'><strong>nos</strong></span> <span class='ocrx_word' id='word_1_123' title='bbox 1300 1810 1398 1854; x_wconf 85' lang='lat' dir='ltr'><strong>item</strong></span> 
     </span>
     <span class='ocr_line' id='line_1_21' title="bbox 298 1886 1400 1947; baseline -0.002 -15"><span class='ocrx_word' id='word_1_124' title='bbox 298 1889 558 1946; x_wconf 71' lang='lat' dir='ltr'><strong>intelligimus</strong></span> <span class='ocrx_word' id='word_1_125' title='bbox 602 1889 852 1931; x_wconf 73' lang='lat' dir='ltr'><strong>verissimam</strong></span> <span class='ocrx_word' id='word_1_126' title='bbox 902 1886 1166 1931; x_wconf 88' lang='lat' dir='ltr'><strong>humanitatis</strong></span> <span class='ocrx_word' id='word_1_127' title='bbox 1210 1886 1400 1947; x_wconf 73' lang='lat' dir='ltr'><strong>discipli-</strong></span> 
     </span>
     <span class='ocr_line' id='line_1_22' title="bbox 298 1963 1401 2023; baseline 0 -15"><span class='ocrx_word' id='word_1_128' title='bbox 298 1983 419 2021; x_wconf 63' lang='lat' dir='ltr'><strong>nam3</strong></span> <span class='ocrx_word' id='word_1_129' title='bbox 452 1980 527 2010; x_wconf 88' lang='lat' dir='ltr'><strong>nec</strong></span> <span class='ocrx_word' id='word_1_130' title='bbox 558 1965 655 2008; x_wconf 82' lang='lat' dir='ltr'><strong>mihi</strong></span> <span class='ocrx_word' id='word_1_131' title='bbox 687 1979 811 2016; x_wconf 89' lang='lat' dir='ltr'><strong>sane,</strong></span> <span class='ocrx_word' id='word_1_132' title='bbox 847 1978 927 2023; x_wconf 91' lang='lat' dir='ltr'><strong>pro</strong></span> <span class='ocrx_word' id='word_1_133' title='bbox 957 1964 1038 2007; x_wconf 87' lang='lat' dir='ltr'><strong>hoc</strong></span> <span class='ocrx_word' id='word_1_134' title='bbox 1075 1963 1401 2009; x_wconf 82' lang='lat' dir='ltr'><strong>humanissimo-</strong></span> 
     </span>
     <span class='ocr_line' id='line_1_23' title="bbox 297 2040 1400 2099; baseline -0.005 -11"><span class='ocrx_word' id='word_1_135' title='bbox 297 2061 385 2088; x_wconf 77' lang='lat' dir='ltr'><strong>rum</strong></span> <span class='ocrx_word' id='word_1_136' title='bbox 422 2045 602 2087; x_wconf 78' lang='lat' dir='ltr'><strong>virorum</strong></span> <span class='ocrx_word' id='word_1_137' title='bbox 631 2050 750 2086; x_wconf 88' lang='lat' dir='ltr'><strong>coetu</strong></span> <span class='ocrx_word' id='word_1_138' title='bbox 782 2041 958 2092; x_wconf 84' lang='lat' dir='ltr'><strong>dicenti,</strong></span> <span class='ocrx_word' id='word_1_139' title='bbox 988 2040 1251 2099; x_wconf 87' lang='lat' dir='ltr'><strong>probandum</strong></span> <span class='ocrx_word' id='word_1_140' title='bbox 1278 2056 1400 2099; x_wconf 75' lang='lat' dir='ltr'><strong>mag-</strong></span> 
     </span>
     <span class='ocr_line' id='line_1_24' title="bbox 300 2117 1398 2180; baseline -0.003 -15"><span class='ocrx_word' id='word_1_141' title='bbox 300 2136 454 2180; x_wconf 74' lang='lat' dir='ltr'><strong>nopere</strong></span> <span class='ocrx_word' id='word_1_142' title='bbox 488 2129 574 2173; x_wconf 86' lang='lat' dir='ltr'><strong>cst,</strong></span> <span class='ocrx_word' id='word_1_143' title='bbox 611 2120 663 2164; x_wconf 80' lang='lat' dir='ltr'><strong>ad</strong></span> <span class='ocrx_word' id='word_1_144' title='bbox 692 2120 823 2163; x_wconf 86' lang='lat' dir='ltr'><strong>nullas</strong></span> <span class='ocrx_word' id='word_1_145' title='bbox 851 2133 937 2162; x_wconf 86' lang='lat' dir='ltr'><strong>non</strong></span> <span class='ocrx_word' id='word_1_146' title='bbox 966 2125 1074 2161; x_wconf 79' lang='lat' dir='ltr'><strong>artes</strong></span> <span class='ocrx_word' id='word_1_147' title='bbox 1104 2117 1398 2175; x_wconf 76' lang='lat' dir='ltr'><strong>doctrinasque</strong></span> 
     </span>
     <span class='ocr_line' id='line_1_25' title="bbox 299 2194 1396 2252; baseline -0.001 -10"><span class='ocrx_word' id='word_1_148' title='bbox 299 2199 536 2242; x_wconf 64' lang='lat' dir='ltr'><strong>tractandas</strong></span> <span class='ocrx_word' id='word_1_149' title='bbox 563 2205 697 2249; x_wconf 81' lang='lat' dir='ltr'><strong>recte,</strong></span> <span class='ocrx_word' id='word_1_150' title='bbox 721 2196 823 2239; x_wconf 84' lang='lat' dir='ltr'><strong>haec</strong></span> <span class='ocrx_word' id='word_1_151' title='bbox 848 2194 1005 2252; x_wconf 81' lang='lat' dir='ltr'><strong>requiri</strong></span> <span class='ocrx_word' id='word_1_152' title='bbox 1021 2194 1231 2238; x_wconf 83' lang='lat' dir='ltr'><strong>literarum</strong></span> <span class='ocrx_word' id='word_1_153' title='bbox 1247 2194 1396 2241; x_wconf 87' lang='lat' dir='ltr'><strong>studia.</strong></span> 
     </span>
     <span class='ocr_line' id='line_1_26' title="bbox 303 2271 1397 2331; baseline -0.003 -12"><span class='ocrx_word' id='word_1_154' title='bbox 303 2276 401 2319; x_wconf 65' lang='lat' dir='ltr'><strong>{itud</strong></span> <span class='ocrx_word' id='word_1_155' title='bbox 432 2275 641 2318; x_wconf 80' lang='lat' dir='ltr'><strong>vobiscum</strong></span> <span class='ocrx_word' id='word_1_156' title='bbox 678 2273 824 2316; x_wconf 87' lang='lat' dir='ltr'><strong>lubens</strong></span> <span class='ocrx_word' id='word_1_157' title='bbox 854 2271 1119 2325; x_wconf 86' lang='lat' dir='ltr'><strong>reminiscor,</strong></span> <span class='ocrx_word' id='word_1_158' title='bbox 1147 2286 1172 2314; x_wconf 85' lang='lat' dir='ltr'><strong>a</strong></span> <span class='ocrx_word' id='word_1_159' title='bbox 1194 2272 1397 2331; x_wconf 70' lang='lat' dir='ltr'><strong>scaligeri</strong></span> 
     </span>
     <span class='ocr_line' id='line_1_27' title="bbox 297 2348 1398 2408; baseline -0.002 -12"><span class='ocrx_word' id='word_1_160' title='bbox 297 2354 391 2397; x_wconf 69' lang='lat' dir='ltr'><strong>inde</strong></span> <span class='ocrx_word' id='word_1_161' title='bbox 420 2361 573 2405; x_wconf 68' lang='lat' dir='ltr'><strong>aelate,</strong></span> <span class='ocrx_word' id='word_1_162' title='bbox 599 2351 708 2394; x_wconf 80' lang='lat' dir='ltr'><strong>nuHo</strong></span> <span class='ocrx_word' id='word_1_163' title='bbox 734 2350 851 2394; x_wconf 74' lang='lat' dir='ltr'><strong>facile</strong></span> <span class='ocrx_word' id='word_1_164' title='bbox 877 2348 1106 2394; x_wconf 83' lang='lat' dir='ltr'><strong>studiorum</strong></span> <span class='ocrx_word' id='word_1_165' title='bbox 1133 2363 1281 2406; x_wconf 83' lang='lat' dir='ltr'><strong>genere</strong></span> <span class='ocrx_word' id='word_1_166' title='bbox 1305 2365 1398 2408; x_wconf 83' lang='lat' dir='ltr'><strong>ma-</strong></span> 
     </span>
    </p>
   </div>
  </div>
 </body>
</html>
