1492 2896
425 262 865 299 ADNOTATIO.
1169 250 1212 289 75

106 404 143 437 in
167 399 298 447 quibus
330 393 532 438 ambulant,
569 406 696 441 corpus
727 397 932 432 exem-cent,
973 389 1072 424 ludos
1109 388 1209 422 insti-

109 466 228 502 tuunt,
262 464 369 504 atque
387 468 494 503 opera
516 460 706 502 peragunt,
723 453 809 488 adeo
833 458 892 492 ut,
923 450 1085 485 similiter
1105 454 1213 493 atquc

109 534 210 559 sexus
244 526 411 565 uterque,
439 518 508 552 alia
533 516 651 551 classis
688 514 732 549 ab
757 514 826 547 alia
852 512 897 546 sit
925 515 1094 557 separata.
1145 508 1213 551 Qui

110 584 243 630 primae
277 586 361 615 sunt
393 578 528 620 classis,
565 576 696 622 singuli
718 574 788 609 suis
822 572 994 607 cubiculis
1019 571 1209 609 fruuntur,

106 642 253 678 diversis
279 639 488 675 utensilibus
509 637 655 679 ornatis,
685 641 726 670 ut
748 634 837 669 solet
858 644 931 666 esse
951 632 987 666 in
1024 628 1211 665 domiciliis

107 716 246 745 eorum,
287 702 348 748 qui
372 700 573 735 honestiore
595 699 674 732 loco
696 701 778 731 sunt
804 694 891 729 nati.

152 764 322 809 Quoniam
353 761 598 807 occupationes
633 764 740 804 atque
766 755 922 791 assiduus
955 752 1057 787 labor
1079 751 1210 784 mirum

103 829 142 863 in
166 826 308 861 modum
332 823 493 858 Maniacis
516 825 684 867 prosunt,
712 829 784 852 non
805 816 920 851 solum
947 814 991 848 ad
1024 811 1211 859 placandos

105 888 258 928 animos,
309 896 432 919 verum
463 885 570 918 etiam
604 881 648 915 ad
681 880 791 926 ipsam
832 876 960 912 mentis
993 873 1208 909 sanationem

105 946 379 987 restituendam,
412 945 564 980 maxima
596 953 682 977 cura
718 946 790 983 est,
819 944 861 973 ut
888 949 961 972 non
990 935 1122 976 coacti,
1150 933 1210 968 sed

105 1009 268 1044 lubentes
291 1007 431 1052 negotia
455 1005 575 1051 aliqua
606 1009 643 1037 et
661 1013 768 1048 opera
787 1000 826 1034 in
857 1011 893 1034 se
914 997 1125 1043 suscipiant,
1155 1001 1207 1029 at-

107 1081 178 1116 que
202 1068 296 1102 iniis
316 1065 540 1112 perficiendis
564 1064 792 1098 detineantur
805 1088 814 1104 ,
842 1066 950 1106 atque
973 1059 1210 1093 delectentur.

115 1129 183 1173 Qui
195 1127 374 1162 inferioris
397 1132 480 1159 sunt
497 1124 614 1159 classis
635 1123 680 1158 ad
702 1133 760 1156 eos
782 1121 935 1162 labores,
953 1119 1081 1165 quibus
1110 1123 1212 1153 antea

109 1200 174 1237 per
186 1189 330 1233 longum
346 1193 481 1231 tempus
494 1184 622 1220 assueti
640 1184 800 1224 fuerant,
827 1180 931 1216 facile
946 1180 1030 1214 duci
1041 1185 1187 1226 possunt.
1201 1192 1211 1222 ς

107 1250 231 1297 quales
263 1254 345 1282 sunt
378 1246 563 1293 opificum,
592 1250 633 1279 ut
664 1249 842 1284 sutorum,
870 1246 1066 1281 sartorum,
1095 1239 1209 1285 picto-

104 1323 205 1353 rum,
222 1310 401 1344 fabrorum
438 1307 670 1352 lignariorum
684 1332 692 1347 ‚
721 1315 864 1345 eorum,
894 1303 956 1348 qui
981 1301 1090 1336 libros
1112 1312 1208 1335 com-

104 1373 256 1419 pingunt
273 1375 341 1404 etc.
391 1369 489 1402 Hisce
513 1367 692 1408 omnibus,
719 1371 893 1412 quantum
916 1363 953 1397 id
974 1363 1051 1397 fieri
1073 1368 1207 1408 potest,

103 1433 295 1480 praebetur
324 1430 460 1465 occasio
491 1434 526 1463 et
550 1428 698 1463 facultas
718 1432 830 1460 artem
855 1436 952 1459 suam
978 1423 1183 1457 excercendi
1197 1449 1204 1463 ‚

102 1492 442 1539 suppeditanturque
477 1490 713 1523 instrumenta
748 1487 792 1521 ad
829 1497 905 1520 eam
930 1485 1135 1519 necessaria.
1161 1504 1210 1509 —

104 1553 252 1589 Plurimi
273 1563 369 1586 serra
391 1556 427 1585 et
451 1550 565 1584 securi
582 1549 719 1594 lignum
737 1547 920 1588 dividunt,
945 1546 1040 1591 quod
1059 1545 1102 1579 ad
1113 1556 1208 1579 com-

104 1613 302 1649 burendum
328 1611 539 1652 adhibetur,
568 1610 677 1644 lectos
702 1614 763 1644 aut
787 1607 932 1642 culcitas
963 1605 1206 1652 (Manassen),

106 1675 234 1722 quibus
256 1673 382 1708 Milites
412 1673 450 1706 in
475 1671 564 1706 urhe
594 1675 762 1709 utuntur,
801 1667 989 1709 reficiunt,
1024 1666 1208 1700 Foeminac

105 1735 332 1775 linteamina,
369 1739 505 1773 vestes,
556 1732 654 1771 vela,
706 1729 861 1774 stragula
904 1728 1043 1773 aliaque
1075 1733 1203 1768 suunt,

106 1796 318 1836 restituunt,
359 1794 453 1828 cibos
475 1798 601 1839 parant
626 1798 693 1824 etc.

152 1858 289 1900 Quanta
309 1860 427 1890 autem
459 1865 566 1899 opera
598 1852 666 1886 hoc
689 1850 792 1884 modo
816 1849 976 1894 occupati
1001 1848 1203 1889 conficiant,

105 1930 148 1953 ex
178 1917 246 1952 hoc
265 1916 420 1962 judicari
442 1918 568 1959 potest.

152 1978 261 2013 Initio
282 1976 393 2021 hujus
412 1974 496 2009 anni
512 1974 602 2007 1837
617 1983 783 2005 numerus
806 1970 1040 2004 Maniacm·u1n
1057 1980 1099 2003 ex
1112 1969 1204 2003 inse-

108 2040 203 2074 riore
220 2039 328 2072 classe
340 2035 513 2082 aequabat
541 2034 583 2067 19
609 2034 701 2067 viros
715 2060 722 2073 ,
751 2043 793 2065 ex
813 2031 942 2077 quibus
959 2032 1000 2064 17
1015 2030 1100 2076 (duo
1112 2031 1206 2064 enim

105 2100 156 2134 ita
177 2104 280 2133 erant
303 2097 453 2143 stupidi,
477 2101 518 2130 ut
541 2095 584 2129 ad
609 2094 746 2128 nullum
767 2105 852 2139 opus
877 2092 950 2138 apti
972 2091 1101 2137 essent)
1126 2091 1208 2124 inde

109 2170 130 2194 a
166 2161 180 2194 l
215 2158 400 2194 Novembr.
432 2156 533 2191 1336.
572 2155 655 2189 adl
684 2155 773 2188 Mart
813 2153 912 2187 1837.
949 2152 1035 2187 haec
1060 2163 1206 2198 perege-

110 2227 204 2256 runt.

155 2282 263 2327 Ligna
280 2280 393 2314 securi
417 2285 454 2312 et
477 2289 572 2312 serra
592 2277 788 2311 diviserunt
811 2276 847 2309 in
873 2275 965 2309 4800
989 2274 1111 2307 frusta.

157 2341 197 2375 1-’4
223 2341 372 2376 Culcitas
397 2340 608 2374 refecerunt.
1163 2325 1169 2327 s
