1492 2896
436 249 823 298 ORATIO.
1131 264 1183 302 21

56 400 144 427 non
181 393 374 440 pereat,
423 389 687 430 sedvitatn
729 392 895 434 habeat
935 401 1184 438 aeternam.

57 466 153 511 Hoc
182 467 270 525 ejus
302 476 591 526 argumentum
626 470 707 515 dici
739 480 894 530 potest.
956 475 1096 532 Atque
1127 477 1183 520 il-

53 551 138 595 lum
173 551 256 595 Dei
298 567 512 607 amorem,
557 570 635 613 per
691 556 997 602 Christum
1057 568 1098 604 et
1135 561 1180 605 in

49 634 303 680 Christo
344 638 627 695 patefactum,
675 640 896 685 nobiscum
937 646 1179 688 communi-

37 726 142 774 cat,
172 727 220 764 ut
250 720 358 766 Eum
397 737 604 776 amemus,
637 731 704 778 etv,
732 725 815 770 hoc
855 741 998 772 amore
1038 729 1174 790 ducti,

46 805 289 864 praeceptis
316 806 733 864 Ejusssobsequamur
752 842 763 863 ‚
796 811 904 855 Eum
935 813 1172 879 imitemur,

4 937 11 942 ¹
41 889 302 947 perfectique
327 891 502 936 evadere
531 892 742 946 nitamur,
775 895 881 938 sicut
910 897 1037 941 Pater
1064 912 1177 950 nosff

39 978 106 1015 ter
146 973 338 1017 coelestis
381 976 594 1032 perfectus
631 984 705 1021 est.
799 979 895 1023 Vult
939 979 1093 1038 igitur,
1125 989 1171 1025 ut

39 1055 150 1111 Eum
175 1071 325 1101 ,amore
367 1072 703 1116 prosequamur,
735 1075 850 1114 non,
883 1069 927 1104 ut
959 1064 1056 1121 lpse
1089 1079 1168 1108 nos

39 1140 209 1199 diligat,
241 1142 315 1186 sed
353 1142 452 1199 quia
479 1143 551 1187 llle
578 1159 657 1188 nos
683 1145 804 1204 prior
828 1146 980 1191 dilexit.
1049 1148 1165 1201 Vult,

15 1232 83 1270 ·ut
123 1226 257 1281 alios,
316 1235 361 1271 ut
412 1235 587 1272 cunctos
638 1244 781 1273 amore
829 1244 1165 1288 prosequamur3

35 1308 121 1355 imo
156 1326 276 1364 vero,
312 1312 384 1368 qui
415 1311 551 1371 ipsam
589 1314 925 1371 amplectuntur,
958 1314 1037 1358 hos
1067 1331 1165 1359 om-

37 1408 111 1438 nes
144 1394 189 1437 in
224 1410 351 1439 unam
390 1397 511 1454 quasi
547 1397 742 1441 familiam
778 1399 1021 1457 conjungit,
1054 1415 1167 1457 quae,

39 1479 213 1526 eundem
231 1480 424 1535 Patrem,
449 1481 710 1539 eundemque
734 1483 961 1527 Dominum
987 1497 1036 1527 ac
1055 1483 1165 1533 Ser-

36 1571 222 1611 vatorem
265 1572 511 1618 veneratur,
576 1566 723 1609 eodem
790 1550 953 1625 Spiritu
999 1567 1159 1620 Sancto

37 1646 162 1690 ducta
194 1655 234 1691 et
265 1648 463 1692 animata.
536 1650 583 1692 ln
614 1650 719 1694 haee
747 1650 986 1707 inquirere,
1030 1667 1162 1708 eaque

34 1729 195 1776 inluce
223 1746 381 1791 ponere
411 1741 634 1790 germanus
661 1735 841 1779 maxime
874 1735 1158 1794 Philosophus

36 1821 174 1870 amat3
205 1830 303 1861 nam
327 1817 466 1861 studet
487 1818 732 1869 hominem,
765 1820 808 1862 in
838 1820 986 1878 primis
1012 1829 1152 1865 autem

35 1914 90 1948 se,
117 1899 255 1958 ipsum
296 1914 574 1959 cognoscere,
606 1910 838 1959 regnatque
872 1904 914 1946 in
947 1905 1018 1956 illo
1055 1905 1158 1949 boni

37 1998 170 2031 amor.
261 1985 410 2046 Itaque
451 1986 518 2030 ille
563 1987 747 2030 omnium
788 1976 946 2046 optime
987 1999 1157 2036 nostrae

37 2068 266 2131 Religionis
309 2071 610 2129 praestantiam
659 2072 863 2132 perspicit
916 2089 966 2118 ac
1012 2075 1150 2122 sentit.

38 2153 241 2214 Perspicit
269 2163 406 2200 autem
438 2163 478 2200 et
510 2158 775 2215 persentiscit
798 2157 904 2201 illius
929 2168 1154 2217 praestan.-

40 2234 136 2283 tiam
179 2253 228 2284 eo
275 2240 446 2294 melius,
489 2255 574 2298 quo
621 2240 855 2285 accuratius
901 2241 1014 2288 illam
1057 2257 1152 2289 cum
