1492 2896
173 292 230 334 28
542 285 930 332 ORATIO.

169 431 445 481 nostrumque
480 422 770 474 Servatorem‚
809 431 905 464 tum
951 420 1074 465 etiam
1113 421 1156 464 in
1202 422 1307 465 fra-.

166 515 252 552 tres
293 520 523 563 omnesque
557 506 728 549 omnino
771 504 974 549 homines.
1049 504 1088 549 Ο
1127 511 1191 549 ter
1227 495 1300 549 fet-

164 591 292 644 lices,
337 589 434 648 qui,
464 589 548 634 hoc
588 604 731 634 amore
771 589 936 649 penitus
972 589 1146 643 imbuti,
1175 590 1304 633 Aca-v

167 676 330 721 demiae
373 675 637 720 valedicunt!
741 674 875 719 Video
938 672 1031 717 illos
1083 672 1293 730 audioque

167 775 310 806 coram
345 759 588 804 Christiano
621 765 742 803 coetu
773 758 1043 817 prodeuntes.
1105 757 1170 802 Ex
1199 756 1294 801 ani-

165 859 237 890 mo
272 845 442 899 dicunt,
491 859 668 901 eumque
709 858 919 897 amorem,
971 857 1055 900 quo
1091 842 1175 902 ipsi
1210 842 1291 886 fla—

162 937 311 989 grant,
343 930 387 973 in
419 929 615 973 omnibus
645 929 906 972 inflammare
936 927 1139 973 nituntur.

222 1013 400 1059 Utinam
439 1026 586 1057 omnes
619 1011 826 1070 Theologi
856 1020 901 1054 et
929 1011 1107 1055 fuissent
1141 1019 1186 1054 et
1220 1025 1298 1055 es-

164 1105 255 1143 sent
298 1098 522 1142 etiamnum
566 1097 668 1142 tales
710 1094 981 1154 Philosophi,
1025 1094 1184 1154 quippe
1217 1093 1289 1151 qui

163 1183 217 1226 ad
242 1185 521 1227 vindicanda
550 1180 673 1225 etiam
699 1187 870 1224 nostrae
883 1177 1113 1236 Religionis
1133 1177 1289 1237 placita

162 1261 368 1326 aptissimi
394 1273 503 1310 sunt.
567 1264 756 1308 Fuerunt
786 1263 911 1307 eheu!
945 1269 985 1305 et
1011 1268 1107 1305 sunt
1133 1260 1288 1306 hodie*

161 1365 272 1408 que,
316 1350 388 1408 qui
438 1350 526 1407 ejus
585 1347 919 1407 simplicitatem,
963 1345 1286 1400 sublimitatem,

160 1435 463 1494 praestantiam
507 1448 557 1477 ac
604 1432 685 1476 vim
733 1432 954 1475 salutarem
991 1444 1069 1474 nec
1115 1429 1286 1490 perspi-

161 1520 340 1571 cientes,
381 1531 460 1562 nec
502 1516 751 1569 sentientes,
797 1530 886 1559 eam
922 1514 1210 1574 impugnarint
1243 1520 1285 1559 et

161 1603 400 1647 adhucdum
431 1603 706 1660 impugnent,
739 1599 835 1656 qui,
868 1598 995 1642 animi
1037 1598 1100 1642 sui
1135 1597 1284 1657 pravi-

157 1696 243 1732 tate
273 1695 314 1732 et
345 1686 544 1746 superbia
574 1685 730 1737 ablati,
763 1684 976 1728 veritatem
1008 1699 1093 1727 non
1124 1699 1283 1741 agnos-

161 1781 285 1826 cant,
336 1771 516 1816 divinam
563 1770 651 1827 ejus
692 1769 921 1827 originem,
972 1769 1035 1812 vel
1074 1768 1281 1826 quaedam

158 1859 312 1918 placita
348 1863 527 1914 negent,
559 1861 598 1898 et
638 1854 681 1897 in
717 1853 900 1897 tenebris
937 1853 1150 1897 ambulare
1185 1868 1281 1897 ma-

157 1943 258 1996 lint,
291 1955 416 1998 quam
456 1939 499 1982 in
531 1939 633 1982 luce.
710 1937 869 1981 Contra
899 1936 978 1981 hos
1017 1937 1279 1982 defendenda

162 2034 202 2071 et
233 2024 487 2070 vindicanda
521 2030 583 2068 est
622 2029 767 2066 nostra
805 2022 983 2081 Religio.
1063 2021 1149 2066 Sed
1186 2022 1279 2079 quis

159 2110 304 2155 melius
325 2109 409 2153 hoc
436 2107 586 2161 faciat,
619 2123 745 2164 quam
773 2106 1035 2165 Theologus‚
1068 2106 1140 2164 qui
1165 2106 1278 2150 idem

160 2194 213 2238 sit
248 2191 471 2253 germanus
515 2191 833 2251 Philosophus?
894 2190 973 2235 Hic
1008 2205 1053 2234 se
1088 2189 1142 2234 ad
1175 2189 1277 2234 illud

159 2285 309 2338 sponte
345 2276 554 2334 accingit,
601 2276 844 2335 optimaque
885 2282 1044 2334 pugnat
1088 2274 1277 2328 ratione,
