1492 2896
241 252 294 294 16
612 254 993 305 ofiA'rio,

235 405 313 449 per
345 405 390 434 se
425 390 563 448 ipsum
603 391 768 447 assequi
804 393 917 437 illum
953 396 1113 451 studet,
1146 414 1171 443 a
1202 401 1355 458 quibus

232 489 324 519 cum
358 474 518 518 institui
550 474 663 534 cupit
694 483 734 519 et
763 477 959 531 formari,
989 480 1081 539 ipse
1119 483 1213 529 illos
1254 500 1356 531 eru-

230 559 319 603 dire
347 566 387 602 et
414 559 603 603 excolere
630 567 819 605 conatur.
882 562 959 606 Est
977 563 1106 622 igitur
1136 567 1223 625 ejus
1244 569 1354 614 Phi-

227 642 421 702 losophia
452 657 538 687 non
567 645 834 699 Kantiana‚
865 660 952 689 non
979 640 1352 708 Sitlzellingiana,

225 743 311 773 non
328 731 619 785 Hegeliana‚
647 743 733 772 non
762 729 862 783 alia,
887 747 1003 788 quae
1031 750 1060 775 a
1086 743 1230 788 secta,
1256 743 1354 781 utor

225 812 363 858 verbis
405 812 539 856 nostri
577 812 823 866 Heusdii‚
867 832 1028 859 nomen
1065 818 1229 873 habet,
1269 837 1350 864 nec

225 913 337 940 raro
363 913 394 939 a
430 899 940 954 dstquirencloalkna,
986 905 1191 945 oraculis
1231 920 1352 961 pro-

223 984 498 1026 nunciandis
536 998 699 1038 regere
722 986 942 1026 mundam
967 987 1210 1030 literatum
1233 1004 1351 1032 ausa

223 1076 315 1120 est,
344 1070 426 1109 sed
449 1083 526 1120 ea,
548 1083 685 1124 qaam
703 1070 900 1111 Veteres
915 1072 1135 1114 dixerunt
1149 1073 1209 1129 ²³).
1259 1073 1350 1118 Ve-

222 1167 315 1196 rum
345 1151 454 1195 enim
481 1165 606 1204 vero,
641 1151 742 1208 quid
770 1151 891 1196 vobis
923 1167 1168 1210 germanum
1194 1154 1348 1200 Philo-

224 1236 405 1295 sophum
420 1235 642 1284 informem
658 1268 670 1288 ‚
697 1235 838 1280 A.A.?
899 1236 998 1281 Illos
1015 1237 1127 1282 inter
1152 1252 1251 1294 vos,
1275 1239 1347 1284 in-

219 1330 285 1366 ter
308 1335 382 1365 vos
407 1321 603 1377 inquam,
632 1318 802 1372 videtis,
835 1319 1122 1365 Clarissimum
1153 1330 1349 1381 nostrum¹

222 1405 547 1452 Heusdium
593 1403 776 1461 intelligo
830 1411 870 1448 et
915 1404 1340 1453 Schro'derum.

223 1493 416 1548 Uterque
450 1489 581 1540 enim,
618 1487 805 1545 quamvis
835 1487 1000 1534 diversa
1030 1490 1221 1534 nonnihil
1253 1491 1342 1546 via,

220 1562 394 1622 eandem
428 1581 592 1626 tamen,
623 1572 659 1616 si
689 1571 792 1629 quid
834 1572 974 1627 video,
1006 1573 1342 1636 philosophandi

219 1661 425 1705 rationem
470 1656 669 1713 sequitur.
757 1655 951 1713 Uterque
988 1658 1255 1704 observando
1289 1674 1340 1705 ac

222 1742 493 1802 disquirendo
527 1740 740 1786 veritatem
771 1739 938 1797 assequi
978 1741 1130 1786 studet.
1203 1742 1340 1789 Uter-

220 1845 301 1888 que
346 1827 557 1873 hominem
602 1823 780 1868 maxime
826 1830 1016 1882 spectat,
1069 1826 1338 1885 germanique

217 1911 468 1971 Philosophi
509 1908 760 1955 modestiam
807 1908 975 1952 abunde
1017 1909 1186 1969 scriptis
1227 1925 1338 1970 pro-

215 1999 344 2044 bavit.
435 1996 549 2054 Quin
582 2002 649 2048 tu,
681 1993 917 2038 acutissime
956 1992 1335 2040 Schrodere!

215 2083 496 2143 gratissimum
536 2078 774 2139 nuperrime
808 2078 1037 2136 Theologis
1081 2092 1189 2138 opus
1225 2093 1334 2124 con-

214 2168 375 2221 fecisti,
433 2180 519 2224 quo
569 2166 921 2221 Scepticismum
940 2195 952 2217 ‚
1002 2166 1331 2220 Idealismum,

252 2304 287 2343 *)
310 2302 352 2332 V.
377 2299 459 2330 laud.
482 2298 524 2330 V.
538 2298 588 2328 Cl.
616 2299 746 2332 Oratio,
774 2306 802 2333 p.
820 2295 867 2324 12.
930 2294 980 2324 Cf.
1005 2296 1109 2326 Initia
1122 2296 1236 2326 Phdos.
1251 2297 1331 2328 Pla-

212 2364 271 2389 ton.
297 2357 370 2388 Vol.
383 2357 409 2384 l.
434 2366 465 2394 p.
479 2354 591 2382 45-74.
626 2352 697 2383 Vol.
712 2349 774 2379 III.
799 2360 828 2388 p.
842 2349 902 2377 255
917 2371 923 2385 ‚
939 2351 969 2378 6.
