1492 2896
309 244 697 286 PHILOSOPHICO
706 244 1039 286 -HISTORICA.
1189 256 1237 295 79

136 354 319 405 Mysteria
349 367 435 392 vero
450 384 463 401 ‚
496 367 590 402 quae
611 356 720 392 altera
745 362 821 392 erat
847 363 1012 392 veterum
1027 383 1040 399 ,
1069 354 1133 393 sed
1158 366 1243 392 eru-

131 424 307 463 ditiorum
331 425 521 463 hominum
546 425 674 474 religio
691 454 703 473 ‚
730 424 883 472 Orpheo
908 426 1066 463 maxime
1089 433 1127 463 et
1152 425 1243 463 Mu-

134 506 220 533 saeo
263 496 477 533 auctoribus
529 496 725 542 instituta,
771 494 981 539 interiorem
1038 494 1243 533 doctrinam

134 564 375 603 continebant
403 565 695 613 spectabantque
726 566 864 602 cultum
901 565 1064 604 hominis
1098 575 1136 603 et
1164 566 1245 615 ejus

135 643 225 684 post
251 635 344 674 hanc
376 635 486 673 vitam
514 635 792 681 conditionem,
824 634 971 681 verbo,
1011 646 1130 672 rerum
1168 646 1250 682 gra-

138 703 372 743 vissimarum
409 704 590 754 principia
625 703 972 753 complectebantur
1005 704 1089 754 (1).
1156 704 1252 743 Ani·

139 775 414 814 madverterunt
449 775 500 813 ita
542 774 611 813 viri
651 774 817 814 veritatis
860 774 1022 813 studiosi
1059 774 1252 824 popularis

139 843 328 894 religionis
351 855 572 895 egestatem,
597 853 709 894 atque
730 845 784 883 sic
807 844 945 884 factum
972 853 1054 892 est,
1082 853 1123 882 ut
1147 856 1252 893 prae-

137 915 249 954 stanti
285 915 548 966 mysteriorum
591 916 761 955 doctrina
795 915 947 963 edocti,
985 915 1251 964 inquisiverint

136 985 175 1022 in
200 994 365 1023 naturam
394 994 466 1023 tam
494 985 564 1024 Dei
592 997 700 1034 quarn
729 985 921 1033 hominis,
945 984 1074 1023 morali
1097 984 1251 1023 omnino

136 1055 400 1104 philosophiae
433 1055 658 1094 studuerint.
737 1056 899 1094 Socratis
933 1063 1053 1093 autem
1086 1063 1253 1102 tempore

139 1125 360 1166 exstiterunt
387 1125 610 1175 Sophistae‚
638 1125 796 1163 mirabili
818 1124 968 1173 quidem
989 1124 1138 1174 ingenio
1153 1136 1254 1174 prae-

138 1197 207 1236 diti
235 1197 433 1244 homines,
462 1197 526 1234 sed
551 1195 661 1233 simul
689 1195 839 1234 moralis
864 1195 1130 1244 philosophiae
1151 1195 1255 1244 prin-

136 1266 245 1316 cipiis
279 1267 449 1305 destituti
483 1268 577 1316 (2),
612 1277 689 1313 quo
724 1275 801 1304 non
834 1274 1008 1314 poterant
1037 1276 1115 1304 non
1143 1267 1255 1305 vehe-

138 1347 277 1376 menter
302 1348 446 1376 morum
472 1336 676 1384 integritati
696 1347 844 1374 nocere.
892 1337 1036 1375 Eorum
1063 1336 1251 1375 doctrinae

138 1419 236 1447 unus
262 1409 426 1445 omnium
456 1407 614 1445 maxime
642 1417 723 1445 sese
749 1406 931 1455 opposuit
963 1407 1161 1454 Socrates,
1190 1418 1254 1446 ve-

137 1490 195 1516 rae
222 1477 482 1526 philosophiae
500 1488 658 1526 parens‚
686 1488 800 1525 quum
823 1477 965 1525 primus
991 1488 1069 1515 eam
1097 1488 1118 1515 e
1140 1478 1249 1515 coelo

136 1549 331 1587 devocaret
353 1557 391 1587 et
411 1548 452 1585 in
477 1547 632 1586 urbibus
652 1548 851 1586 collocaret
872 1556 908 1584 et
929 1548 967 1585 in
988 1547 1121 1586 domos
1143 1548 1250 1586 etiam

137 1618 388 1657 introduceret
410 1626 446 1657 et
470 1626 620 1667 cogeret
648 1618 693 1656 de
711 1617 787 1656 vita
812 1627 848 1656 et
870 1617 1042 1657 moribus
1065 1618 1253 1666 rebusque

137 1688 247 1726 bonis
273 1698 308 1726 et
335 1688 438 1727 malis
467 1699 640 1737 quaerere
665 1689 751 1737 (3).
805 1687 1085 1737 Philosophiam
1110 1675 1253 1726 scilicet

132 1758 284 1809 'omnem
311 1769 331 1796 a
356 1758 483 1797 divino
511 1767 709 1807 praecepto
737 1760 842 1798 Γνῶθι
872 1760 1022 1799 σεαυτὸν
1049 1757 1250 1795 ducendam

139 1838 221 1865 esse
254 1827 385 1866 statuit
419 1837 455 1865 et
490 1826 676 1866 mirabiles
716 1825 806 1867 fecit
838 1827 875 1865 in
915 1826 1046 1865 morali
1084 1827 1250 1866 doctrina

138 1908 388 1946 progressus,
422 1909 518 1946 quos
548 1899 644 1936 clara
676 1905 807 1945 postea
842 1897 879 1934 in
908 1898 991 1935 luce
1018 1896 1145 1946 posuit
1172 1897 1252 1947 ejus

1198 1967 1253 2005 di·

186 2044 234 2083 (ι)
259 2043 329 2073 Cic.
354 2044 391 2073 ae
412 2044 513 2084 Legg.
536 2042 612 2072 Lib.
635 2042 683 2074 11.
704 2053 734 2074 c.
753 2041 802 2073 14.

185 2097 233 2137 (2)
258 2096 313 2128 Sic
334 2095 489 2136 Gorgias,
521 2099 556 2125 ut
583 2095 678 2135 hujus
703 2094 851 2134 exemplo
879 2098 970 2132 utar,
1005 2096 1164 2126 statuebat
1187 2106 1252 2127 non

141 2150 336 2181 cohibendas
363 2160 428 2179 esse
453 2149 645 2188 cupiditates
660 2171 669 2184 ‚
700 2149 726 2179 si
752 2149 825 2189 quis
842 2147 967 2189 qualem
982 2149 1093 2179 deceat
1107 2160 1139 2180 se
1154 2161 1256 2189 prae-

142 2211 225 2235 stare
246 2204 367 2240 vellet,
397 2203 450 2234 sed
475 2214 540 2233 esse
561 2204 653 2233 unius
674 2204 829 2244 cujusque
848 2213 941 2242 quum
958 2203 1109 2235 maximas
1122 2214 1173 2234 eas
1187 2215 1253 2235 esse

142 2260 245 2289 sinere
279 2263 310 2287 et
342 2268 454 2297 parare
489 2257 528 2287 iis
560 2257 772 2302 undecunque
799 2256 1031 2296 expletionem3
1062 2257 1124 2288 hoc
1149 2263 1253 2290 autem

140 2312 249 2342 audire
272 2314 443 2349 viriutem3
467 2321 586 2350 argum.
610 2310 693 2340 Plan.
716 2311 749 2340 in
777 2312 879 2351 Gorg.
901 2321 933 2350 p.
959 2311 1030 2352 492·
1052 2309 1096 2342 D.

185 2366 230 2406 (5)
257 2366 323 2397 Cic,
351 2368 446 2395 sust*-
473 2367 612 2405 Qrtarsl.
638 2365 713 2395 Lib.
739 2365 779 2394 V.
803 2375 831 2394 c.
853 2363 885 2394 4.
