<?xml version="1.0" encoding="UTF-8"?>
<!DOCTYPE html PUBLIC "-//W3C//DTD XHTML 1.0 Transitional//EN"
    "http://www.w3.org/TR/xhtml1/DTD/xhtml1-transitional.dtd">
<html xmlns="http://www.w3.org/1999/xhtml" xml:lang="en" lang="en">
 <head>
  <title>
</title>
<meta http-equiv="Content-Type" content="text/html;charset=utf-8" />
  <meta name='ocr-system' content='tesseract 3.04.00' />
  <meta name='ocr-capabilities' content='ocr_page ocr_carea ocr_par ocr_line ocrx_word'/>
</head>
<body>
  <div class='ocr_page' id='page_1' title='image "annalesacademiae36acad_0378.png"; bbox 0 0 1492 2896; ppageno 0'>
   <div class='ocr_carea' id='block_1_1' title="bbox 293 232 1018 284">
    <p class='ocr_par' dir='ltr' id='par_1_1' title="bbox 293 232 1018 284">
     <span class='ocr_line' id='line_1_1' title="bbox 293 232 1018 284; baseline -0.004 -10"><span class='ocrx_word' id='word_1_1' title='bbox 293 247 343 284; x_wconf 81' lang='lat'><strong>42</strong></span> <span class='ocrx_word' id='word_1_2' title='bbox 684 248 686 250; x_wconf 95' lang='lat'>-</span> <span class='ocrx_word' id='word_1_3' title='bbox 701 232 816 283; x_wconf 78' lang='lat' dir='ltr'><strong>msQ</strong></span> <span class='ocrx_word' id='word_1_4' title='bbox 825 232 1018 274; x_wconf 69' lang='lat' dir='ltr'><strong>Ursrrro</strong></span> 
     </span>
    </p>
   </div>
   <div class='ocr_carea' id='block_1_2' title="bbox 277 343 1410 1931">
    <p class='ocr_par' dir='ltr' id='par_1_2' title="bbox 277 343 1410 1164">
     <span class='ocr_line' id='line_1_2' title="bbox 292 343 1404 392; baseline -0.002 -8"><span class='ocrx_word' id='word_1_5' title='bbox 292 347 395 385; x_wconf 86' lang='lat' dir='ltr'><strong>Plato</strong></span> <span class='ocrx_word' id='word_1_6' title='bbox 416 373 428 392; x_wconf 84' lang='lat'>‚</span> <span class='ocrx_word' id='word_1_7' title='bbox 465 356 580 392; x_wconf 87' lang='lat' dir='ltr'><strong>quum</strong></span> <span class='ocrx_word' id='word_1_8' title='bbox 606 354 681 381; x_wconf 88' lang='lat' dir='ltr'><strong>non</strong></span> <span class='ocrx_word' id='word_1_9' title='bbox 708 343 873 392; x_wconf 85' lang='lat' dir='ltr'><strong>jubendo</strong></span> <span class='ocrx_word' id='word_1_10' title='bbox 898 352 1040 380; x_wconf 85' lang='lat' dir='ltr'><strong>tantum</strong></span> <span class='ocrx_word' id='word_1_11' title='bbox 1069 343 1319 391; x_wconf 73' lang='lat' dir='ltr'><strong>minandoque</strong></span> <span class='ocrx_word' id='word_1_12' title='bbox 1340 354 1404 383; x_wconf 89' lang='lat' dir='ltr'><strong>co·</strong></span> 
     </span>
     <span class='ocr_line' id='line_1_3' title="bbox 289 412 1409 465; baseline -0.003 -12"><span class='ocrx_word' id='word_1_13' title='bbox 289 416 398 465; x_wconf 78' lang='lat' dir='ltr'><strong>gendl</strong></span> <span class='ocrx_word' id='word_1_14' title='bbox 436 416 512 453; x_wconf 84' lang='lat' dir='ltr'><strong>sint</strong></span> <span class='ocrx_word' id='word_1_15' title='bbox 552 414 693 458; x_wconf 71' lang='lat' dir='ltr'><strong>cive5,1</strong></span> <span class='ocrx_word' id='word_1_16' title='bbox 717 425 757 450; x_wconf 82' lang='lat' dir='ltr'><strong>ut</strong></span> <span class='ocrx_word' id='word_1_17' title='bbox 795 413 897 460; x_wconf 80' lang='lat' dir='ltr'><strong>quod</strong></span> <span class='ocrx_word' id='word_1_18' title='bbox 926 413 1081 450; x_wconf 86' lang='lat' dir='ltr'><strong>debeant</strong></span> <span class='ocrx_word' id='word_1_19' title='bbox 1115 424 1223 460; x_wconf 86' lang='lat' dir='ltr'><strong>agere</strong></span> <span class='ocrx_word' id='word_1_20' title='bbox 1263 412 1409 460; x_wconf 82' lang='lat' dir='ltr'><strong>velim,</strong></span> 
     </span>
     <span class='ocr_line' id='line_1_4' title="bbox 287 483 1410 531; baseline -0.003 -8"><span class='ocrx_word' id='word_1_21' title='bbox 287 497 414 523; x_wconf 85' lang='lat' dir='ltr'><strong>verum</strong></span> <span class='ocrx_word' id='word_1_22' title='bbox 455 486 640 523; x_wconf 83' lang='lat' dir='ltr'><strong>monendo</strong></span> <span class='ocrx_word' id='word_1_23' title='bbox 677 485 782 521; x_wconf 73' lang='lat' dir='ltr'><strong>eriam</strong></span> <span class='ocrx_word' id='word_1_24' title='bbox 819 496 853 520; x_wconf 76' lang='lat' dir='ltr'><strong>er</strong></span> <span class='ocrx_word' id='word_1_25' title='bbox 890 484 1145 531; x_wconf 79' lang='lat' dir='ltr'><strong>persuadendo</strong></span> <span class='ocrx_word' id='word_1_26' title='bbox 1173 495 1216 519; x_wconf 94' lang='lat' dir='ltr'><strong>eo</strong></span> <span class='ocrx_word' id='word_1_27' title='bbox 1245 483 1321 520; x_wconf 88' lang='lat' dir='ltr'><strong>sint</strong></span> <span class='ocrx_word' id='word_1_28' title='bbox 1345 483 1410 521; x_wconf 89' lang='lat' dir='ltr'><strong>ad-</strong></span> 
     </span>
     <span class='ocr_line' id='line_1_5' title="bbox 287 553 1404 603; baseline 0 -10"><span class='ocrx_word' id='word_1_29' title='bbox 287 556 469 602; x_wconf 85' lang='lat' dir='ltr'><strong>ducendi,</strong></span> <span class='ocrx_word' id='word_1_30' title='bbox 494 565 535 592; x_wconf 88' lang='lat' dir='ltr'><strong>ut</strong></span> <span class='ocrx_word' id='word_1_31' title='bbox 556 567 622 593; x_wconf 86' lang='lat' dir='ltr'><strong>sua</strong></span> <span class='ocrx_word' id='word_1_32' title='bbox 638 564 774 601; x_wconf 79' lang='lat' dir='ltr'><strong>sponte</strong></span> <span class='ocrx_word' id='word_1_33' title='bbox 789 555 870 591; x_wconf 79' lang='lat' dir='ltr'><strong>latis</strong></span> <span class='ocrx_word' id='word_1_34' title='bbox 886 553 1030 601; x_wconf 83' lang='lat' dir='ltr'><strong>legibus</strong></span> <span class='ocrx_word' id='word_1_35' title='bbox 1047 553 1302 601; x_wconf 86' lang='lat' dir='ltr'><strong>obtemperent</strong></span> <span class='ocrx_word' id='word_1_36' title='bbox 1318 554 1404 603; x_wconf 84' lang='lat'>(1).</span> 
     </span>
     <span class='ocr_line' id='line_1_6' title="bbox 285 623 1406 673; baseline -0.001 -9"><span class='ocrx_word' id='word_1_37' title='bbox 285 627 451 664; x_wconf 89' lang='lat' dir='ltr'>Eandem</span> <span class='ocrx_word' id='word_1_38' title='bbox 488 637 563 663; x_wconf 88' lang='lat' dir='ltr'><strong>rem</strong></span> <span class='ocrx_word' id='word_1_39' title='bbox 597 624 746 672; x_wconf 85' lang='lat' dir='ltr'><strong>saepius</strong></span> <span class='ocrx_word' id='word_1_40' title='bbox 782 624 905 673; x_wconf 88' lang='lat' dir='ltr'>attigit</span> <span class='ocrx_word' id='word_1_41' title='bbox 935 623 1186 672; x_wconf 84' lang='lat' dir='ltr'><strong>philosophus</strong></span> <span class='ocrx_word' id='word_1_42' title='bbox 1214 632 1250 661; x_wconf 92' lang='lat' dir='ltr'><strong>et</strong></span> <span class='ocrx_word' id='word_1_43' title='bbox 1275 623 1406 663; x_wconf 81' lang='lat' dir='ltr'><strong>docuit</strong></span> 
     </span>
     <span class='ocr_line' id='line_1_7' title="bbox 283 693 1407 742; baseline 0 -10"><span class='ocrx_word' id='word_1_44' title='bbox 283 694 506 742; x_wconf 81' lang='lat' dir='ltr'>legislatoris</span> <span class='ocrx_word' id='word_1_45' title='bbox 534 694 695 732; x_wconf 87' lang='lat' dir='ltr'><strong>officium</strong></span> <span class='ocrx_word' id='word_1_46' title='bbox 719 705 794 731; x_wconf 87' lang='lat' dir='ltr'><strong>non</strong></span> <span class='ocrx_word' id='word_1_47' title='bbox 820 693 866 731; x_wconf 87' lang='lat' dir='ltr'><strong>iis</strong></span> <span class='ocrx_word' id='word_1_48' title='bbox 895 694 1017 731; x_wconf 89' lang='lat' dir='ltr'><strong>solum</strong></span> <span class='ocrx_word' id='word_1_49' title='bbox 1054 693 1220 731; x_wconf 87' lang='lat' dir='ltr'><strong>terminis</strong></span> <span class='ocrx_word' id='word_1_50' title='bbox 1245 693 1407 732; x_wconf 84' lang='lat' dir='ltr'><strong>circum-</strong></span> 
     </span>
     <span class='ocr_line' id='line_1_8' title="bbox 283 763 1404 813; baseline 0.001 -11"><span class='ocrx_word' id='word_1_51' title='bbox 283 764 426 811; x_wconf 84' lang='lat' dir='ltr'><strong>scribi,</strong></span> <span class='ocrx_word' id='word_1_52' title='bbox 454 773 495 802; x_wconf 88' lang='lat' dir='ltr'><strong>ut</strong></span> <span class='ocrx_word' id='word_1_53' title='bbox 519 765 618 813; x_wconf 85' lang='lat' dir='ltr'><strong>leges</strong></span> <span class='ocrx_word' id='word_1_54' title='bbox 645 773 786 811; x_wconf 84' lang='lat' dir='ltr'><strong>ponat,</strong></span> <span class='ocrx_word' id='word_1_55' title='bbox 817 765 884 801; x_wconf 87' lang='lat' dir='ltr'><strong>sed</strong></span> <span class='ocrx_word' id='word_1_56' title='bbox 911 763 1019 801; x_wconf 89' lang='lat' dir='ltr'><strong>etiam</strong></span> <span class='ocrx_word' id='word_1_57' title='bbox 1047 763 1269 811; x_wconf 86' lang='lat' dir='ltr'><strong>efflagitare,</strong></span> <span class='ocrx_word' id='word_1_58' title='bbox 1299 764 1404 813; x_wconf 91' lang='lat' dir='ltr'><strong>quod</strong></span> 
     </span>
     <span class='ocr_line' id='line_1_9' title="bbox 283 832 1404 883; baseline 0.001 -12"><span class='ocrx_word' id='word_1_59' title='bbox 283 835 401 883; x_wconf 84' lang='lat' dir='ltr'><strong>majus</strong></span> <span class='ocrx_word' id='word_1_60' title='bbox 423 843 508 880; x_wconf 87' lang='lat' dir='ltr'><strong>est,</strong></span> <span class='ocrx_word' id='word_1_61' title='bbox 538 844 578 871; x_wconf 80' lang='lat' dir='ltr'><strong>ut</strong></span> <span class='ocrx_word' id='word_1_62' title='bbox 606 833 765 872; x_wconf 84' lang='lat' dir='ltr'><strong>medium</strong></span> <span class='ocrx_word' id='word_1_63' title='bbox 791 834 978 880; x_wconf 85' lang='lat' dir='ltr'>quoddam</span> <span class='ocrx_word' id='word_1_64' title='bbox 1002 833 1200 880; x_wconf 80' lang='lat' dir='ltr'><strong>adhibeat,</strong></span> <span class='ocrx_word' id='word_1_65' title='bbox 1228 833 1332 881; x_wconf 91' lang='lat' dir='ltr'><strong>quod</strong></span> <span class='ocrx_word' id='word_1_66' title='bbox 1346 832 1404 872; x_wconf 90' lang='lat' dir='ltr'><strong>in-</strong></span> 
     </span>
     <span class='ocr_line' id='line_1_10' title="bbox 283 903 1402 952; baseline 0.001 -11"><span class='ocrx_word' id='word_1_67' title='bbox 283 913 338 942; x_wconf 87' lang='lat' dir='ltr'><strong>ter</strong></span> <span class='ocrx_word' id='word_1_68' title='bbox 364 905 634 942; x_wconf 87' lang='lat' dir='ltr'>admonitiones</span> <span class='ocrx_word' id='word_1_69' title='bbox 660 905 835 952; x_wconf 84' lang='lat' dir='ltr'><strong>legesque</strong></span> <span class='ocrx_word' id='word_1_70' title='bbox 859 903 1080 951; x_wconf 82' lang='lat' dir='ltr'><strong>intercedat3</strong></span> <span class='ocrx_word' id='word_1_71' title='bbox 1110 912 1284 952; x_wconf 79' lang='lat' dir='ltr'><strong>oportere</strong></span> <span class='ocrx_word' id='word_1_72' title='bbox 1299 914 1402 942; x_wconf 89' lang='lat' dir='ltr'><strong>nem-</strong></span> 
     </span>
     <span class='ocr_line' id='line_1_11' title="bbox 280 975 1401 1024; baseline 0.004 -12"><span class='ocrx_word' id='word_1_73' title='bbox 280 986 329 1023; x_wconf 89' lang='lat' dir='ltr'><strong>pe</strong></span> <span class='ocrx_word' id='word_1_74' title='bbox 364 986 448 1013; x_wconf 88' lang='lat' dir='ltr'><strong>eum</strong></span> <span class='ocrx_word' id='word_1_75' title='bbox 486 1002 510 1022; x_wconf 89' lang='lat'><strong>,‚</strong></span> <span class='ocrx_word' id='word_1_76' title='bbox 529 978 578 1023; x_wconf 68' lang='grc' dir='ltr'><strong>μὴ</strong></span> <span class='ocrx_word' id='word_1_77' title='bbox 611 978 712 1024; x_wconf 80' lang='grc' dir='ltr'><em>μόνον</em></span> <span class='ocrx_word' id='word_1_78' title='bbox 749 975 905 1024; x_wconf 68' lang='grc' dir='ltr'><strong>γράφειν</strong></span> <span class='ocrx_word' id='word_1_79' title='bbox 933 977 1014 1019; x_wconf 83' lang='grc' dir='ltr'><em>τοὺς</em></span> <span class='ocrx_word' id='word_1_80' title='bbox 1056 975 1204 1023; x_wconf 76' lang='grc' dir='ltr'><em>νόμους,</em></span> <span class='ocrx_word' id='word_1_81' title='bbox 1244 977 1329 1024; x_wconf 77' lang='grc' dir='ltr'><strong>πρὸς</strong></span> <span class='ocrx_word' id='word_1_82' title='bbox 1363 976 1401 1016; x_wconf 78' lang='grc' dir='ltr'><strong>δὲ</strong></span> 
     </span>
     <span class='ocr_line' id='line_1_12' title="bbox 280 1042 1398 1094; baseline -0.002 -8"><span class='ocrx_word' id='word_1_83' title='bbox 280 1053 351 1090; x_wconf 78' lang='grc' dir='ltr'><em>τοῖς</em></span> <span class='ocrx_word' id='word_1_84' title='bbox 382 1047 495 1094; x_wconf 78' lang='grc' dir='ltr'><em>νόμοις</em></span> <span class='ocrx_word' id='word_1_85' title='bbox 531 1046 597 1086; x_wconf 72' lang='grc' dir='ltr'><strong>ὅσοι</strong></span> <span class='ocrx_word' id='word_1_86' title='bbox 624 1048 724 1085; x_wconf 66' lang='grc' dir='ltr'><strong>καλοὶ</strong></span> <span class='ocrx_word' id='word_1_87' title='bbox 751 1047 847 1094; x_wconf 73' lang='grc' dir='ltr'><strong>αὐτῷ</strong></span> <span class='ocrx_word' id='word_1_88' title='bbox 877 1047 972 1085; x_wconf 79' lang='grc' dir='ltr'><em>δοκεῖ</em></span> <span class='ocrx_word' id='word_1_89' title='bbox 993 1045 1053 1084; x_wconf 72' lang='grc' dir='ltr'><strong>καὶ</strong></span> <span class='ocrx_word' id='word_1_90' title='bbox 1082 1047 1132 1092; x_wconf 66' lang='grc' dir='ltr'><strong>μὴ</strong></span> <span class='ocrx_word' id='word_1_91' title='bbox 1156 1046 1257 1085; x_wconf 68' lang='grc' dir='ltr'><strong>καλοὶ</strong></span> <span class='ocrx_word' id='word_1_92' title='bbox 1283 1042 1398 1090; x_wconf 77' lang='grc' dir='ltr'><em>εἶναι,</em></span> 
     </span>
     <span class='ocr_line' id='line_1_13' title="bbox 277 1113 1037 1164; baseline -0.005 -8"><span class='ocrx_word' id='word_1_93' title='bbox 277 1117 390 1164; x_wconf 80' lang='grc' dir='ltr'><strong><em>νόμοις</em></strong></span> <span class='ocrx_word' id='word_1_94' title='bbox 417 1118 706 1164; x_wconf 66' lang='grc' dir='ltr'><em>ἐμπεπλεγμένοι</em></span> <span class='ocrx_word' id='word_1_95' title='bbox 737 1114 924 1164; x_wconf 69' lang='grc' dir='ltr'><strong>γράφειν”</strong></span> <span class='ocrx_word' id='word_1_96' title='bbox 951 1113 1037 1163; x_wconf 86' lang='lat'><em>(2).</em></span> 
     </span>
    </p>

    <p class='ocr_par' dir='ltr' id='par_1_3' title="bbox 277 1184 1401 1931">
     <span class='ocr_line' id='line_1_14' title="bbox 327 1184 1399 1232; baseline -0.002 -10"><span class='ocrx_word' id='word_1_97' title='bbox 327 1185 466 1223; x_wconf 89' lang='lat' dir='ltr'><strong>Verum</strong></span> <span class='ocrx_word' id='word_1_98' title='bbox 501 1185 555 1222; x_wconf 90' lang='lat' dir='ltr'><strong>uti</strong></span> <span class='ocrx_word' id='word_1_99' title='bbox 596 1186 634 1221; x_wconf 90' lang='lat' dir='ltr'><strong>in</strong></span> <span class='ocrx_word' id='word_1_100' title='bbox 668 1184 809 1232; x_wconf 82' lang='lat' dir='ltr'><strong>magnis</strong></span> <span class='ocrx_word' id='word_1_101' title='bbox 840 1184 951 1222; x_wconf 87' lang='lat' dir='ltr'><strong>rebus</strong></span> <span class='ocrx_word' id='word_1_102' title='bbox 984 1195 1062 1222; x_wconf 91' lang='lat' dir='ltr'><strong>non</strong></span> <span class='ocrx_word' id='word_1_103' title='bbox 1099 1185 1222 1222; x_wconf 90' lang='lat' dir='ltr'><strong>eadem</strong></span> <span class='ocrx_word' id='word_1_104' title='bbox 1253 1193 1399 1232; x_wconf 81' lang='lat' dir='ltr'><strong>semper</strong></span> 
     </span>
     <span class='ocr_line' id='line_1_15' title="bbox 277 1253 1398 1300; baseline -0.003 -7"><span class='ocrx_word' id='word_1_105' title='bbox 277 1257 374 1293; x_wconf 85' lang='lat' dir='ltr'><strong>solet</strong></span> <span class='ocrx_word' id='word_1_106' title='bbox 413 1267 495 1293; x_wconf 89' lang='lat' dir='ltr'><strong>esse</strong></span> <span class='ocrx_word' id='word_1_107' title='bbox 541 1255 708 1293; x_wconf 86' lang='lat' dir='ltr'><strong>virorum</strong></span> <span class='ocrx_word' id='word_1_108' title='bbox 762 1255 959 1292; x_wconf 87' lang='lat' dir='ltr'><strong>doctorum</strong></span> <span class='ocrx_word' id='word_1_109' title='bbox 999 1254 1209 1300; x_wconf 83' lang='lat' dir='ltr'><strong>sententia,</strong></span> <span class='ocrx_word' id='word_1_110' title='bbox 1250 1253 1300 1291; x_wconf 85' lang='lat' dir='ltr'><strong>ita</strong></span> <span class='ocrx_word' id='word_1_111' title='bbox 1330 1253 1398 1291; x_wconf 85' lang='lat' dir='ltr'><strong>hac</strong></span> 
     </span>
     <span class='ocr_line' id='line_1_16' title="bbox 278 1325 1400 1374; baseline -0.002 -11"><span class='ocrx_word' id='word_1_112' title='bbox 278 1338 432 1374; x_wconf 86' lang='lat' dir='ltr'><strong>quoque</strong></span> <span class='ocrx_word' id='word_1_113' title='bbox 454 1327 490 1363; x_wconf 88' lang='lat' dir='ltr'><strong>in</strong></span> <span class='ocrx_word' id='word_1_114' title='bbox 520 1338 557 1363; x_wconf 90' lang='lat' dir='ltr'><strong>re</strong></span> <span class='ocrx_word' id='word_1_115' title='bbox 585 1327 687 1363; x_wconf 85' lang='lat' dir='ltr'><strong>Plato</strong></span> <span class='ocrx_word' id='word_1_116' title='bbox 715 1326 850 1362; x_wconf 85' lang='lat' dir='ltr'><strong>nullam</strong></span> <span class='ocrx_word' id='word_1_117' title='bbox 880 1335 956 1362; x_wconf 88' lang='lat' dir='ltr'><strong>non</strong></span> <span class='ocrx_word' id='word_1_118' title='bbox 983 1325 1293 1372; x_wconf 83' lang='lat' dir='ltr'><strong>vituperationem</strong></span> <span class='ocrx_word' id='word_1_119' title='bbox 1315 1335 1400 1371; x_wconf 89' lang='lat' dir='ltr'>pas-</span> 
     </span>
     <span class='ocr_line' id='line_1_17' title="bbox 278 1392 1400 1443; baseline -0.004 -9"><span class='ocrx_word' id='word_1_120' title='bbox 278 1408 344 1434; x_wconf 84' lang='lat' dir='ltr'><strong>sus</strong></span> <span class='ocrx_word' id='word_1_121' title='bbox 371 1404 454 1434; x_wconf 81' lang='lat' dir='ltr'><strong>est:</strong></span> <span class='ocrx_word' id='word_1_122' title='bbox 487 1396 591 1443; x_wconf 84' lang='lat' dir='ltr'><strong>quod</strong></span> <span class='ocrx_word' id='word_1_123' title='bbox 610 1395 740 1443; x_wconf 80' lang='lat' dir='ltr'><strong>paucis</strong></span> <span class='ocrx_word' id='word_1_124' title='bbox 759 1394 940 1442; x_wconf 84' lang='lat' dir='ltr'><strong>explicare</strong></span> <span class='ocrx_word' id='word_1_125' title='bbox 962 1393 1008 1431; x_wconf 91' lang='lat' dir='ltr'><strong>ab</strong></span> <span class='ocrx_word' id='word_1_126' title='bbox 1037 1395 1109 1431; x_wconf 90' lang='lat' dir='ltr'><strong>hoe</strong></span> <span class='ocrx_word' id='word_1_127' title='bbox 1130 1395 1215 1431; x_wconf 91' lang='lat' dir='ltr'><strong>loco</strong></span> <span class='ocrx_word' id='word_1_128' title='bbox 1243 1404 1321 1431; x_wconf 89' lang='lat' dir='ltr'><strong>non</strong></span> <span class='ocrx_word' id='word_1_129' title='bbox 1344 1392 1400 1430; x_wconf 85' lang='lat' dir='ltr'><strong>vi·</strong></span> 
     </span>
     <span class='ocr_line' id='line_1_18' title="bbox 277 1464 1401 1512; baseline -0.001 -9"><span class='ocrx_word' id='word_1_130' title='bbox 277 1467 385 1504; x_wconf 88' lang='lat' dir='ltr'><strong>detur</strong></span> <span class='ocrx_word' id='word_1_131' title='bbox 412 1466 585 1503; x_wconf 83' lang='lat' dir='ltr'><strong>alienum.</strong></span> <span class='ocrx_word' id='word_1_132' title='bbox 644 1465 780 1502; x_wconf 78' lang='lat' dir='ltr'><strong>Seneca</strong></span> <span class='ocrx_word' id='word_1_133' title='bbox 806 1476 938 1512; x_wconf 87' lang='lat' dir='ltr'><strong>nempe</strong></span> <span class='ocrx_word' id='word_1_134' title='bbox 965 1464 1064 1502; x_wconf 88' lang='lat' dir='ltr'><strong>hunc</strong></span> <span class='ocrx_word' id='word_1_135' title='bbox 1094 1475 1234 1502; x_wconf 88' lang='lat' dir='ltr'><strong>morem</strong></span> <span class='ocrx_word' id='word_1_136' title='bbox 1262 1467 1401 1512; x_wconf 73' lang='lat' dir='ltr'><strong>prooe-</strong></span> 
     </span>
     <span class='ocr_line' id='line_1_19' title="bbox 280 1534 1398 1584; baseline 0.001 -12"><span class='ocrx_word' id='word_1_137' title='bbox 280 1535 351 1572; x_wconf 82' lang='lat' dir='ltr'><strong>mia</strong></span> <span class='ocrx_word' id='word_1_138' title='bbox 394 1535 540 1584; x_wconf 84' lang='lat' dir='ltr'><strong>legibus</strong></span> <span class='ocrx_word' id='word_1_139' title='bbox 579 1535 839 1582; x_wconf 81' lang='lat' dir='ltr'><strong>praemittendi</strong></span> <span class='ocrx_word' id='word_1_140' title='bbox 888 1535 1183 1580; x_wconf 85' lang='lat' dir='ltr'><strong>reprehendens:</strong></span> <span class='ocrx_word' id='word_1_141' title='bbox 1257 1562 1281 1580; x_wconf 83' lang='lat'><strong>‚‚</strong></span> <span class='ocrx_word' id='word_1_142' title='bbox 1307 1534 1398 1573; x_wconf 89' lang='lat' dir='ltr'><strong>Non</strong></span> 
     </span>
     <span class='ocr_line' id='line_1_20' title="bbox 278 1603 1397 1654; baseline 0 -12"><span class='ocrx_word' id='word_1_143' title='bbox 278 1604 400 1654; x_wconf 87' lang='lat' dir='ltr'><strong>probo</strong></span> <span class='ocrx_word' id='word_1_144' title='bbox 416 1605 458 1650; x_wconf 79' lang='lat'><strong>‚⁵²</strong></span> <span class='ocrx_word' id='word_1_145' title='bbox 490 1606 639 1650; x_wconf 83' lang='lat' dir='ltr'><strong>inquit,</strong></span> <span class='ocrx_word' id='word_1_146' title='bbox 690 1633 713 1651; x_wconf 87' lang='lat'>„</span> <span class='ocrx_word' id='word_1_147' title='bbox 736 1604 838 1651; x_wconf 88' lang='lat' dir='ltr'><strong>quod</strong></span> <span class='ocrx_word' id='word_1_148' title='bbox 872 1603 1039 1640; x_wconf 85' lang='lat' dir='ltr'><strong>Platonis</strong></span> <span class='ocrx_word' id='word_1_149' title='bbox 1076 1603 1221 1651; x_wconf 82' lang='lat' dir='ltr'><strong>legibus</strong></span> <span class='ocrx_word' id='word_1_150' title='bbox 1258 1604 1397 1653; x_wconf 85' lang='lat' dir='ltr'><strong>adjecta</strong></span> 
     </span>
     <span class='ocr_line' id='line_1_21' title="bbox 278 1673 1395 1723; baseline 0 -11"><span class='ocrx_word' id='word_1_151' title='bbox 278 1675 460 1723; x_wconf 85' lang='lat' dir='ltr'><strong>principia</strong></span> <span class='ocrx_word' id='word_1_152' title='bbox 485 1684 586 1713; x_wconf 79' lang='lat' dir='ltr'><strong>sunt,</strong></span> <span class='ocrx_word' id='word_1_153' title='bbox 640 1674 778 1722; x_wconf 84' lang='lat' dir='ltr'><strong>Legem</strong></span> <span class='ocrx_word' id='word_1_154' title='bbox 810 1674 905 1711; x_wconf 85' lang='lat' dir='ltr'><strong>enim</strong></span> <span class='ocrx_word' id='word_1_155' title='bbox 934 1673 1081 1711; x_wconf 87' lang='lat' dir='ltr'><strong>brevem</strong></span> <span class='ocrx_word' id='word_1_156' title='bbox 1108 1685 1190 1712; x_wconf 88' lang='lat' dir='ltr'><strong>esse</strong></span> <span class='ocrx_word' id='word_1_157' title='bbox 1217 1683 1395 1722; x_wconf 85' lang='lat' dir='ltr'><strong>oportet,</strong></span> 
     </span>
     <span class='ocr_line' id='line_1_22' title="bbox 279 1743 1397 1793; baseline 0.002 -12"><span class='ocrx_word' id='word_1_158' title='bbox 279 1756 356 1793; x_wconf 89' lang='lat' dir='ltr'><strong>quo</strong></span> <span class='ocrx_word' id='word_1_159' title='bbox 393 1743 537 1782; x_wconf 87' lang='lat' dir='ltr'>facilius</span> <span class='ocrx_word' id='word_1_160' title='bbox 575 1743 619 1781; x_wconf 85' lang='lat' dir='ltr'><strong>ab</strong></span> <span class='ocrx_word' id='word_1_161' title='bbox 657 1743 835 1790; x_wconf 84' lang='lat' dir='ltr'><strong>imperitis</strong></span> <span class='ocrx_word' id='word_1_162' title='bbox 881 1752 1080 1790; x_wconf 85' lang='lat' dir='ltr'><strong>teneatur,</strong></span> <span class='ocrx_word' id='word_1_163' title='bbox 1120 1745 1222 1781; x_wconf 86' lang='lat' dir='ltr'><strong>velut</strong></span> <span class='ocrx_word' id='word_1_164' title='bbox 1263 1745 1397 1783; x_wconf 86' lang='lat' dir='ltr'><strong>emissa</strong></span> 
     </span>
     <span class='ocr_line' id='line_1_23' title="bbox 277 1812 1397 1861; baseline 0 -10"><span class='ocrx_word' id='word_1_165' title='bbox 277 1814 457 1852; x_wconf 78' lang='lat' dir='ltr'><strong>dlvinitus</strong></span> <span class='ocrx_word' id='word_1_166' title='bbox 495 1825 567 1850; x_wconf 87' lang='lat' dir='ltr'><strong>vox</strong></span> <span class='ocrx_word' id='word_1_167' title='bbox 603 1812 668 1850; x_wconf 85' lang='lat' dir='ltr'>sit.</span> <span class='ocrx_word' id='word_1_168' title='bbox 726 1812 882 1861; x_wconf 71' lang='lat' dir='ltr'><strong>jubeat,</strong></span> <span class='ocrx_word' id='word_1_169' title='bbox 929 1822 1005 1849; x_wconf 90' lang='lat' dir='ltr'><strong>non</strong></span> <span class='ocrx_word' id='word_1_170' title='bbox 1042 1812 1221 1859; x_wconf 84' lang='lat' dir='ltr'><strong>disputet.</strong></span> <span class='ocrx_word' id='word_1_171' title='bbox 1288 1813 1397 1851; x_wconf 83' lang='lat' dir='ltr'><strong>Nihil</strong></span> 
     </span>
     <span class='ocr_line' id='line_1_24' title="bbox 277 1882 1396 1931; baseline -0.002 -9"><span class='ocrx_word' id='word_1_172' title='bbox 277 1884 424 1922; x_wconf 86' lang='lat' dir='ltr'><strong>videtur</strong></span> <span class='ocrx_word' id='word_1_173' title='bbox 445 1884 533 1921; x_wconf 87' lang='lat' dir='ltr'><strong>mihi</strong></span> <span class='ocrx_word' id='word_1_174' title='bbox 553 1883 724 1931; x_wconf 80' lang='lat' dir='ltr'><strong>frigidius</strong></span> <span class='ocrx_word' id='word_1_175' title='bbox 742 1894 849 1930; x_wconf 81' lang='lat' dir='ltr'><strong>quam</strong></span> <span class='ocrx_word' id='word_1_176' title='bbox 873 1883 933 1919; x_wconf 84' lang='lat' dir='ltr'><strong>lex</strong></span> <span class='ocrx_word' id='word_1_177' title='bbox 945 1894 1029 1919; x_wconf 81' lang='lat' dir='ltr'><strong>cum</strong></span> <span class='ocrx_word' id='word_1_178' title='bbox 1043 1884 1218 1931; x_wconf 83' lang='lat' dir='ltr'><strong>prologo.</strong></span> <span class='ocrx_word' id='word_1_179' title='bbox 1254 1882 1396 1930; x_wconf 87' lang='lat' dir='ltr'><strong>Mone,</strong></span> 
     </span>
    </p>
   </div>
   <div class='ocr_carea' id='block_1_3' title="bbox 277 1952 1395 2002">
    <p class='ocr_par' dir='ltr' id='par_1_4' title="bbox 277 1952 1395 2002">
     <span class='ocr_line' id='line_1_25' title="bbox 277 1952 1395 2002; baseline 0.002 -11"><span class='ocrx_word' id='word_1_180' title='bbox 277 1953 337 1991; x_wconf 83' lang='lat' dir='ltr'><strong>dic</strong></span> <span class='ocrx_word' id='word_1_181' title='bbox 352 1953 442 2002; x_wconf 83' lang='lat' dir='ltr'>quid</span> <span class='ocrx_word' id='word_1_182' title='bbox 458 1964 515 1991; x_wconf 88' lang='lat' dir='ltr'><strong>me</strong></span> <span class='ocrx_word' id='word_1_183' title='bbox 529 1952 624 1991; x_wconf 84' lang='lat' dir='ltr'><strong>velis</strong></span> <span class='ocrx_word' id='word_1_184' title='bbox 648 1952 779 1990; x_wconf 81' lang='lat' dir='ltr'><strong>fecisse</strong></span> <span class='ocrx_word' id='word_1_185' title='bbox 795 1963 804 1989; x_wconf 72' lang='grc' dir='ltr'><strong><em>ε</em></strong></span> <span class='ocrx_word' id='word_1_186' title='bbox 828 1962 905 1989; x_wconf 87' lang='lat' dir='ltr'><strong>non</strong></span> <span class='ocrx_word' id='word_1_187' title='bbox 925 1952 1028 1990; x_wconf 86' lang='lat' dir='ltr'><strong>disco</strong></span> <span class='ocrx_word' id='word_1_188' title='bbox 1040 1979 1052 1998; x_wconf 81' lang='grc'><em>,</em></span> <span class='ocrx_word' id='word_1_189' title='bbox 1075 1953 1140 1990; x_wconf 87' lang='lat' dir='ltr'><strong>sed</strong></span> <span class='ocrx_word' id='word_1_190' title='bbox 1155 1953 1295 2000; x_wconf 75' lang='lat' dir='ltr'><strong>pareo⁹⁹</strong></span> <span class='ocrx_word' id='word_1_191' title='bbox 1310 1953 1395 2002; x_wconf 84' lang='lat'>(3).</span> 
     </span>
    </p>
   </div>
   <div class='ocr_carea' id='block_1_4' title="bbox 278 2022 1397 2447">
    <p class='ocr_par' dir='ltr' id='par_1_5' title="bbox 1264 2022 1397 2072">
     <span class='ocr_line' id='line_1_26' title="bbox 1264 2022 1397 2072; baseline 0.008 -12"><span class='ocrx_word' id='word_1_192' title='bbox 1264 2022 1397 2072; x_wconf 86' lang='lat' dir='ltr'><strong>Quod·</strong></span> 
     </span>
    </p>

    <p class='ocr_par' dir='ltr' id='par_1_6' title="bbox 321 2090 1156 2132">
     <span class='ocr_line' id='line_1_27' title="bbox 321 2090 1156 2132; baseline -0.001 -10"><span class='ocrx_word' id='word_1_193' title='bbox 321 2093 369 2132; x_wconf 86' lang='grc'><strong>(1)</strong></span> <span class='ocrx_word' id='word_1_194' title='bbox 395 2091 477 2122; x_wconf 76' lang='lat' dir='ltr'><strong>plat.</strong></span> <span class='ocrx_word' id='word_1_195' title='bbox 502 2093 539 2121; x_wconf 77' lang='lat' dir='ltr'><strong>de</strong></span> <span class='ocrx_word' id='word_1_196' title='bbox 563 2093 662 2132; x_wconf 77' lang='lat' dir='ltr'><strong>Legg.</strong></span> <span class='ocrx_word' id='word_1_197' title='bbox 685 2091 762 2121; x_wconf 90' lang='lat' dir='ltr'>Lib.</span> <span class='ocrx_word' id='word_1_198' title='bbox 787 2090 847 2121; x_wconf 84' lang='lat' dir='ltr'><strong>IV.</strong></span> <span class='ocrx_word' id='word_1_199' title='bbox 871 2102 904 2130; x_wconf 87' lang='lat' dir='ltr'><strong>p.</strong></span> <span class='ocrx_word' id='word_1_200' title='bbox 927 2092 998 2127; x_wconf 82' lang='lat'>718.</span> <span class='ocrx_word' id='word_1_201' title='bbox 1022 2091 1058 2121; x_wconf 91' lang='lat' dir='ltr'><strong>B.</strong></span> <span class='ocrx_word' id='word_1_202' title='bbox 1083 2102 1156 2132; x_wconf 81' lang='lat' dir='ltr'>sqq.</span> 
     </span>
    </p>

    <p class='ocr_par' dir='ltr' id='par_1_7' title="bbox 320 2144 1090 2186">
     <span class='ocr_line' id='line_1_28' title="bbox 320 2144 1090 2186; baseline 0.001 -12"><span class='ocrx_word' id='word_1_203' title='bbox 320 2147 368 2186; x_wconf 68' lang='grc' dir='ltr'><strong>(α)</strong></span> <span class='ocrx_word' id='word_1_204' title='bbox 393 2145 452 2176; x_wconf 87' lang='lat' dir='ltr'><strong>l.l.</strong></span> <span class='ocrx_word' id='word_1_205' title='bbox 479 2144 556 2175; x_wconf 89' lang='lat' dir='ltr'>L1b.</span> <span class='ocrx_word' id='word_1_206' title='bbox 582 2145 662 2174; x_wconf 83' lang='lat' dir='ltr'><strong>Vll.</strong></span> <span class='ocrx_word' id='word_1_207' title='bbox 684 2155 716 2183; x_wconf 86' lang='lat' dir='ltr'><strong>p.</strong></span> <span class='ocrx_word' id='word_1_208' title='bbox 740 2146 813 2176; x_wconf 80' lang='lat'><strong>822.</strong></span> <span class='ocrx_word' id='word_1_209' title='bbox 830 2145 871 2174; x_wconf 82' lang='lat' dir='ltr'><strong>D.</strong></span> <span class='ocrx_word' id='word_1_210' title='bbox 886 2163 932 2171; x_wconf 80' lang='lat'>—</span> <span class='ocrx_word' id='word_1_211' title='bbox 954 2145 1026 2175; x_wconf 84' lang='lat'><strong>825.</strong></span> <span class='ocrx_word' id='word_1_212' title='bbox 1049 2145 1090 2175; x_wconf 88' lang='lat' dir='ltr'><strong>A.</strong></span> 
     </span>
    </p>

    <p class='ocr_par' dir='ltr' id='par_1_8' title="bbox 278 2196 1397 2401">
     <span class='ocr_line' id='line_1_29' title="bbox 321 2196 1395 2239; baseline -0.002 -11"><span class='ocrx_word' id='word_1_213' title='bbox 321 2197 371 2239; x_wconf 79' lang='grc'><strong>(5)</strong></span> <span class='ocrx_word' id='word_1_214' title='bbox 400 2198 522 2229; x_wconf 82' lang='lat' dir='ltr'><strong>Seneca</strong></span> <span class='ocrx_word' id='word_1_215' title='bbox 535 2199 649 2239; x_wconf 78' lang='lat' dir='ltr'><em>Epist.</em></span> <span class='ocrx_word' id='word_1_216' title='bbox 663 2197 789 2228; x_wconf 85' lang='lat' dir='ltr'><strong>XCIV·</strong></span> <span class='ocrx_word' id='word_1_217' title='bbox 813 2197 974 2228; x_wconf 79' lang='lat' dir='ltr'>Laudavit</span> <span class='ocrx_word' id='word_1_218' title='bbox 990 2203 1095 2227; x_wconf 82' lang='lat' dir='ltr'><strong>tamen</strong></span> <span class='ocrx_word' id='word_1_219' title='bbox 1111 2196 1276 2236; x_wconf 75' lang='lat' dir='ltr'><strong>prooemia</strong></span> <span class='ocrx_word' id='word_1_220' title='bbox 1289 2196 1395 2236; x_wconf 82' lang='lat' dir='ltr'><strong>legum</strong></span> 
     </span>
     <span class='ocr_line' id='line_1_30' title="bbox 281 2250 1397 2295; baseline -0.004 -12"><span class='ocrx_word' id='word_1_221' title='bbox 281 2253 418 2291; x_wconf 85' lang='lat' dir='ltr'><strong>Cicero,</strong></span> <span class='ocrx_word' id='word_1_222' title='bbox 441 2256 479 2283; x_wconf 81' lang='lat' dir='ltr'><strong>de</strong></span> <span class='ocrx_word' id='word_1_223' title='bbox 506 2254 610 2295; x_wconf 78' lang='lat' dir='ltr'><strong>Legg.</strong></span> <span class='ocrx_word' id='word_1_224' title='bbox 631 2250 708 2282; x_wconf 87' lang='lat' dir='ltr'>Lib.</span> <span class='ocrx_word' id='word_1_225' title='bbox 738 2252 786 2282; x_wconf 88' lang='lat'><strong>11.</strong></span> <span class='ocrx_word' id='word_1_226' title='bbox 816 2262 846 2282; x_wconf 85' lang='lat' dir='ltr'><strong>c.</strong></span> <span class='ocrx_word' id='word_1_227' title='bbox 867 2253 897 2282; x_wconf 87' lang='lat'><strong>6.</strong></span> <span class='ocrx_word' id='word_1_228' title='bbox 911 2273 921 2289; x_wconf 91' lang='lat'>,</span> <span class='ocrx_word' id='word_1_229' title='bbox 952 2263 1026 2282; x_wconf 86' lang='lat' dir='ltr'><strong>cum</strong></span> <span class='ocrx_word' id='word_1_230' title='bbox 1044 2252 1080 2281; x_wconf 84' lang='lat' dir='ltr'><strong>in</strong></span> <span class='ocrx_word' id='word_1_231' title='bbox 1101 2250 1231 2281; x_wconf 79' lang='lat' dir='ltr'><strong>Zaleuci</strong></span> <span class='ocrx_word' id='word_1_232' title='bbox 1249 2255 1282 2280; x_wconf 87' lang='lat' dir='ltr'><strong>et</strong></span> <span class='ocrx_word' id='word_1_233' title='bbox 1304 2250 1397 2280; x_wconf 82' lang='lat' dir='ltr'>Cha-</span> 
     </span>
     <span class='ocr_line' id='line_1_31' title="bbox 278 2304 1395 2347; baseline -0.003 -11"><span class='ocrx_word' id='word_1_234' title='bbox 278 2307 396 2337; x_wconf 79' lang='lat' dir='ltr'><strong>rondae</strong></span> <span class='ocrx_word' id='word_1_235' title='bbox 417 2306 562 2346; x_wconf 80' lang='lat' dir='ltr'><strong>legibus,</strong></span> <span class='ocrx_word' id='word_1_236' title='bbox 585 2317 657 2336; x_wconf 83' lang='lat' dir='ltr'><strong>cum</strong></span> <span class='ocrx_word' id='word_1_237' title='bbox 677 2306 807 2347; x_wconf 77' lang='lat' dir='ltr'><strong>quidem</strong></span> <span class='ocrx_word' id='word_1_238' title='bbox 831 2305 888 2335; x_wconf 78' lang='lat' dir='ltr'><strong>illi</strong></span> <span class='ocrx_word' id='word_1_239' title='bbox 913 2317 978 2335; x_wconf 85' lang='lat' dir='ltr'><strong>non</strong></span> <span class='ocrx_word' id='word_1_240' title='bbox 1003 2304 1107 2334; x_wconf 75' lang='lat' dir='ltr'><em>studii</em></span> <span class='ocrx_word' id='word_1_241' title='bbox 1132 2310 1166 2334; x_wconf 79' lang='lat' dir='ltr'><strong>et</strong></span> <span class='ocrx_word' id='word_1_242' title='bbox 1195 2304 1395 2334; x_wconf 82' lang='lat' dir='ltr'><strong>delectatio-</strong></span> 
     </span>
     <span class='ocr_line' id='line_1_32' title="bbox 279 2357 1396 2401; baseline -0.004 -10"><span class='ocrx_word' id='word_1_243' title='bbox 279 2362 353 2401; x_wconf 61' lang='lat' dir='ltr'><strong>nis,</strong></span> <span class='ocrx_word' id='word_1_244' title='bbox 385 2361 442 2390; x_wconf 71' lang='lat' dir='ltr'><strong>sed</strong></span> <span class='ocrx_word' id='word_1_245' title='bbox 466 2359 667 2401; x_wconf 70' lang='lat' dir='ltr'><strong>reipublicae</strong></span> <span class='ocrx_word' id='word_1_246' title='bbox 693 2358 796 2390; x_wconf 72' lang='lat' dir='ltr'><strong>eausa·</strong></span> <span class='ocrx_word' id='word_1_247' title='bbox 820 2358 909 2399; x_wconf 73' lang='lat' dir='ltr'><strong>leges</strong></span> <span class='ocrx_word' id='word_1_248' title='bbox 936 2357 1128 2390; x_wconf 68' lang='lat' dir='ltr'><strong>civitatibus</strong></span> <span class='ocrx_word' id='word_1_249' title='bbox 1149 2359 1221 2389; x_wconf 70' lang='lat' dir='ltr'><strong>suis</strong></span> <span class='ocrx_word' id='word_1_250' title='bbox 1244 2359 1396 2398; x_wconf 65' lang='lat' dir='ltr'><strong>‹scrip-ve-</strong></span> 
     </span>
    </p>

    <p class='ocr_par' dir='ltr' id='par_1_9' title="bbox 1300 2417 1392 2447">
     <span class='ocr_line' id='line_1_33' title="bbox 1300 2417 1392 2447; baseline -0.022 -4"><span class='ocrx_word' id='word_1_251' title='bbox 1300 2417 1392 2447; x_wconf 67' lang='lat' dir='ltr'><em>rant,-</em></span> 
     </span>
    </p>
   </div>
  </div>
 </body>
</html>
