1492 2896
239 254 308 291 ιφ
616 242 942 292 nrsoursrrro.

238 351 420 396 munitas,
446 362 516 397 qua
545 351 717 388 servanda
745 351 898 388 maxime
924 351 1064 388 stabilis
1089 362 1167 389 esse
1188 357 1329 398 poterat

240 420 461 468 reipublicae
485 420 650 457 conditio
669 450 678 466 ,
701 420 800 457 hisce
825 421 1053 468 temporibus
1077 421 1189 470 magis
1222 419 1342 457 etiam·

240 499 459 535 evanuerat,
500 499 538 526 ut
574 500 648 527 non
682 499 820 527 tantum
854 502 930 528 non
963 492 1124 528 alacriter
1158 493 1330 532 κοινωνίαν

240 568 340 597 suam
366 558 410 596 ab
437 558 546 596 hoste
573 558 807 596 defenderent
828 588 841 606 ‚
869 560 933 597 sed
959 561 1141 608 principes
1163 561 1268 598 etiam
1292 560 1328 597 in

239 628 386 666 civitate
424 629 523 666 viros
568 640 640 665 rem
679 629 827 676 patriam
876 629 1032 677 turpiter
1076 630 1258 677 negligere
1295 638 1331 667 et

238 698 477 746 praepotenti*
497 699 650 746 prodere
678 698 848 746 Philippo
877 699 972 737 haud
1001 699 1165 747 puderet.
1227 699 1335 736 Dele‹

239 768 434 806 etabantur
457 768 545 804 adeo
560 768 807 806 Athenienses
821 769 912 806 nihil
932 768 1122 814 faciendo,
1149 769 1335 815 rebusque

238 837 392 885 perditis
427 836 623 874 deliberare
651 836 726 874 fere
759 838 927 876 solebant
961 838 1044 888 (ι).
1107 837 1258 886 Optime
1280 837 1336 875 in-

239 907 384 956 genium
419 906 702 945 Atheniensium
733 908 992 956 cognoscimus
1018 920 1062 946 ex
1090 908 1228 946 ornatis
1258 918 1338 945 ora*

239 976 405 1014 tionibus
444 976 731 1024 Demosthenis,
766 977 831 1026 qui
861 990 972 1026 quum
1008 989 1103 1016 unus
1139 977 1177 1016 in
1210 976 1335 1026 pauc-is

239 1056 312 1084 rem
353 1046 502 1094 patriam
550 1056 626 1084 non
668 1047 826 1095 turpiter
873 1047 1092 1095 negligeret,
1139 1047 1335 1085 acerrimus

240 1114 439 1154 exsistebat
475 1115 656 1153 liber-tatis
694 1116 839 1155 civibus
872 1116 952 1155 suis
978 1116 1110 1155 vindex
1140 1118 1338 1165 populum·

242 1197 339 1232 que,
366 1187 444 1234 ejus
463 1187 644 1223 reluctans
670 1185 814 1223 libidini
837 1195 871 1223 et
892 1193 1037 1233 peccata
1055 1186 1238 1223 insectans
1253 1186 1337 1235 (τι),

241 1255 286 1295 ad
320 1255 458 1294 bonum
496 1256 769 1303 honestumque
807 1256 991 1303 impellere
1036 1267 1222 1303 nunquam
1262 1267 1338 1293 non

241 1324 444 1362 conabatur
473 1323 554 1372 (3).
606 1325 707 1374 Quid
737 1336 826 1362 vero
865 1326 926 1362 tali
965 1336 1082 1362 rerum
1118 1335 1215 1363 statu
1252 1337 1339 1374 pro-

242 1394 349 1431 desse
390 1404 607 1442 magnopere
654 1394 841 1440 potuisset
893 1395 1102 1443 eloquentia
1145 1394 1303 1433 forensis
1319 1396 1338 1433 2

244 1464 400 1502 Fabulas
413 1473 614 1503 narrantem
636 1464 891 1502 lubentissime
906 1465 1024 1512 ignavi
1042 1465 1101 1502 isti
1122 1466 1314 1503 audiebant
1326 1494 1338 1511 ,

244 1545 300 1573 res
323 1534 435 1571 serias
457 1543 669 1572 tractantem
696 1542 835 1571 tantum
860 1545 935 1571 non
955 1535 1192 1581 repudiabant
1219 1521 1300 1583 (4)-

294 1603 408 1652 Quod
443 1615 562 1640 autem
602 1604 646 1642 de
684 1604 840 1641 Athenis
869 1603 969 1648 dixi,
1001 1604 1038 1640 id
1066 1605 1159 1641 haud
1188 1605 1267 1641 scio
1295 1614 1338 1641 an

242 1673 349 1711 liccat
376 1674 419 1710 de
449 1683 577 1712 cuncta
608 1673 759 1711 Graecia
787 1672 974 1710 verissime
998 1673 1130 1710 dice-re.
1184 1673 1342 1711 Constat

246 1744 371 1781 saltem
397 1743 490 1780 inter
512 1754 661 1787 omnes,
688 1742 845 1790 Philippi
869 1743 1083 1780 Macedonis
1103 1751 1216 1780 aetate
1227 1737 1342 1781 Athe-

246 1824 336 1858 nas,
377 1813 711 1857 Lacedaemonem,
752 1811 928 1858 Thebas,
963 1813 1213 1859 Corinthum,
1247 1823 1345 1851 cete-

247 1894 398 1931 ramque
427 1883 614 1920 Graeciam
644 1881 784 1919 mutuis
811 1882 1004 1919 discordiis
1032 1891 1067 1920 et
1096 1895 1235 1920 morum
1263 1894 1345 1920 cor-

1287 1965 1347 1997 tu-

289 2042 338 2080 (ι)
364 2040 531 2072 Demosth.
557 2043 652 2072 Orat.
676 2043 767 2072 P-lzil.
792 2042 817 2071 1.
839 2052 870 2080 p.
891 2041 924 2070 51
942 2063 950 2078 ,
977 2041 1028 2071 52.

290 2095 337 2134 (2)
364 2093 524 2124 Plutarch.
554 2096 624 2126 Vir.
649 2096 818 2126 Demos-tlt.
838 2106 866 2125 c.
890 2095 937 2124 14.

290 2147 338 2187 (3)
363 2145 442 2178 Vid.
468 2147 526 2177 hac
556 2147 594 2177 de
621 2158 655 2177 re
686 2148 717 2182 J!
744 2148 784 2178 Hss
806 2148 979 2185 Schollen,
1007 2150 1044 2178 de
1063 2150 1233 2179 Demosth.
1258 2149 1344 2190 εἷος.

250 2203 397 2233 charact.
428 2212 499 2230 cum
522 2201 598 2230 alibi
626 2205 690 2231 turn
719 2203 853 2231 maxime
878 2213 910 2240 p·
935 2203 1004 2232 148.
1024 2213 1096 2242 sqq.
1140 2202 1191 2232 Cf·
1212 2202 1264 2232 Cl.
1286 2213 1344 2232 vnn

251 2254 394 2290 llfflsde,
419 2256 503 2284 Ιιιίί.
529 2253 603 2283 Vol.
628 2255 673 2284 11.
697 2255 731 2283 Ρ.
756 2255 784 2284 l.
807 2266 837 2294 p.
853 2255 903 2285 85.
924 2265 996 2294 sqq.

291 2308 339 2344 (45
367 2311 487 2335 Auctor
513 2307 635 2343 libe-lii,
664 2308 718 2347 qui
745 2309 885 2337 canumet
914 2309 1000 2336 rita.»-
1019 2308 1171 2337 Koma.
1188 2306 1341 2344 νπ»1.ῐ.’(,.

248 2370 278 2403 p.
301 2361 370 2398 571.
394 2361 441 2390 rd.
468 2359 570 2390 lleisk.
