1492 2896
481 268 864 315 ORATIO.
1199 270 1227 315 7

105 402 231 460 nique
265 409 438 459 uterque
466 403 520 446 ad
544 403 868 449 imbecillitatem
898 403 1119 462 depressus
1148 403 1218 447 ni-

103 479 161 524 hil
199 479 279 524 nisi
311 479 491 524 hominis
521 481 700 525 formam
723 481 804 526 sibi
840 481 1112 527 conservavit.

160 555 274 613 Quid
294 557 444 601 mirum
476 558 673 612 Veteres,
705 574 831 615 quum
859 559 1084 603 abnormes
1109 558 1216 603 adeo

102 639 144 676 et
178 632 413 678 horrendas
452 635 578 678 animi
605 635 974 695 perturbationes,
1002 636 1091 680 sine
1132 637 1214 680 ulla

103 723 228 754 causa
261 711 479 756 manifesta
516 713 560 755 in
586 712 743 756 insanis
772 721 895 770 atque
919 713 1086 757 furiosis
1121 728 1216 758 sae-

101 801 157 845 pe
170 789 399 833 concitatas
414 821 426 843 ‚
442 789 854 843 animadvertissent,
869 789 1115 841 credidisse,
1130 797 1170 833 ta
1178 805 1215 833 m

101 865 243 922 gravia
283 867 422 920 mala,
467 883 573 924 quae
612 875 730 911 tanto
775 867 933 926 impetu
963 865 1216 912 effervesce-

100 949 217 996 rent,
243 958 328 987 non
353 958 374 987 e
399 945 657 988 naturalibus
687 945 823 988 causis
849 959 975 1004 posse
1001 944 1218 989 redunda-

100 1018 228 1072 dare,
277 1035 419 1065 verum
454 1021 582 1065 hosce
616 1022 786 1066 insanos
832 1023 952 1065 malis
991 1020 1139 1079 agitari
1178 1028 1218 1065 et

97 1095 285 1154 instigari
324 1098 638 1142 Daemonibus:
696 1099 808 1155 quod
852 1106 893 1142 et
944 1098 1219 1155 antiquissimi

98 1174 278 1232 Populi,
323 1176 558 1232 multaeque
597 1183 738 1234 gentes
771 1176 950 1220 incultae
975 1175 1219 1221 recentioris

100 1250 300 1310 temporis
327 1252 485 1310 >palam
532 1253 747 1311 professae
790 1260 886 1297 sunt
925 1261 965 1297 et
1007 1244 1216 1313 profiten-

99 1335 168 1372 tur
214 1328 301 1388 (1).

156 1406 235 1449 Ast
266 1406 433 1450 veroin
469 1407 672 1458 Graecia,
705 1408 776 1451 ubi
806 1407 991 1451 omnium
1033 1408 1119 1452 fere
1145 1422 1218 1452 re-

98 1483 315 1541 periuntur
356 1483 668 1541 disciplinarum
713 1484 976 1543 incunabih,
1030 1485 1216 1530 veritatis

97 1561 188 1604 luce
234 1575 408 1605 accensa
425 1593 436 1614 ‚
492 1562 641 1605 summi
692 1561 966 1620 Philosophi,
1022 1562 1215 1621 inprimis

99 1637 384 1682 Socrates
420 1646 458 1682 et
485 1639 676 1688 Plato,
709 1653 901 1695 magnam
933 1654 1021 1683 esse
1057 1653 1219 1698 corpo-

100 1715 157 1758 ris
193 1714 273 1758 vim
311 1715 353 1758 in
389 1715 515 1758 animi
552 1716 943 1773 perturbationibus
984 1716 1214 1760 excitandis

101 1791 182 1847 jam
225 1792 424 1851 suspicati
455 1800 549 1836 sunt
586 1792 690 1848 (2);
738 1793 853 1849 quod
884 1802 1022 1838 tamen
1053 1795 1216 1853 plenius

99 1862 401 1927 perspexerunt
425 1877 548 1926 atque
571 1871 807 1928 probarunt
846 1871 997 1914 Medici
1034 1872 1217 1916 Naturae

102 1945 407 1990 Observatores
466 1946 692 1990 fidelissimi
711 1979 723 2000 ‚
785 1947 844 1991 uti
901 1948 1216 2007 Hippocra-

99 2028 210 2075 tes,
257 2023 329 2078 qui
366 2023 489 2066 ullam
535 2039 624 2067 esse
658 2024 737 2067 vim
771 2025 1034 2069 haemonam
1082 2041 1216 2085 nega-

101 2098 380 2156 vit‚‘hosque
413 2100 589 2145 morbos
625 2116 646 2145 e
677 2104 934 2152 naturalibus
958 2106 1110 2149 ‘causis
1141 2121 1219 2149 ex-

101 2175 246 2235 plicuit
280 2176 379 2234 (3)‚
411 2185 450 2220 et
489 2186 633 2237 postea
657 2180 1069 2239 Asclepiades„
1093 2182 1219 2227 Cel-

103 2268 194 2298 sus
240 2253 340 2314 (a),
387 2254 618 2300 Coelius
659 2258 1004 2303 Aurelianus
1041 2260 1218 2316 aliique,

106 2329 176 2386 qui
205 2344 275 2374 eos
316 2332 490 2375 curandi
531 2332 763 2388 rationem,
788 2336 858 2385 his
897 2337 1080 2381 Naturae
1115 2346 1223 2381 con-¹
