1492 2896
319 214 703 255 PHILOSOPHICO
717 234 729 243 ·
746 213 1047 254 HISTORICA.
1164 225 1232 262 133

135 326 195 367 καὶ
222 325 363 374 ἀκαίρου
396 326 588 374 ἐλευθερίας
622 327 686 370 τὴν
719 325 990 373 χαλεπωτάτην
1013 339 1054 363 τε
1081 324 1139 363 καὶ
1171 338 1231 363 πι-

133 394 302 442 κροτάτην
326 395 453 434 δούλων
484 395 641 434 δουλείαν
664 392 1047 442 μεταμπισχόμενος”.
1071 394 1163 445 (ι).Ι

182 463 252 500 Est
271 462 358 500 haec
387 462 590 509 tyrannidis
613 474 697 501 cum
722 462 828 511 origo
854 471 933 499 tum
961 470 1115 509 natura,
1143 473 1234 509 qua-

131 530 176 568 lis
201 530 314 568 nobis
345 543 366 569 a
395 532 543 569 Platone
571 531 823 580 proponitur;
860 542 987 569 verum
1014 542 1089 568 non
1118 532 1230 569 modo

129 599 215 646 hie,
258 600 323 638 sed
357 599 433 638 fere
470 611 578 638 nemo
613 612 690 638 non
724 612 769 639 ex
806 600 967 648 antiquis
1000 601 1227 639 deterrimam

131 667 218 716 ejus·
241 667 400 707 indolem
435 668 679 717 significavit:
728 680 810 706 nam
852 669 918 707 hac
958 670 996 707 in
1020 681 1058 706 re
1096 670 1226 708 mirum

131 746 309 784 quantum
341 738 535 776 conveniat
567 747 645 776 tota
670 739 884 786 antiquitas.
940 738 1154 787 Tyrannide
1177 740 1232 777 ni-

131 806 184 843 hil
215 807 311 854 ipsis
341 807 532 846 videbatur
568 818 689 855 neque
722 807 860 845 civitati
891 807 1136 855 perniciosius
1168 819 1231 846 ne-

131 886 214 922 que
253 876 403 915 omnino
443 877 710 916 detestabilius.
787 877 1021 924 Audiamus,
1058 888 1196 925 quaeso
1217 905 1231 925 ‚

136 945 372 984 Corinthium
399 947 576 990 Sosiclem
605 948 704 994 apud
731 947 978 985 Herodotum.
1038 948 1235 986 Convoca-

131 1023 220 1056 runt,
238 1015 517 1068 Lacedaemonii
544 1016 669 1052 socios
696 1024 758 1061 et,
793 1026 1006 1063 prosperam
1030 1015 1234 1054 Athenien-

129 1082 226 1120 sium
267 1082 451 1121 fortunam
487 1095 592 1132 aegre
623 1083 811 1129 ferentes,
852 1084 1025 1131 Hippiam
1062 1085 1236 1122 reducere

133 1152 296 1190 Athenas
318 1153 430 1201 inque
449 1153 675 1201 tyrannidem
703 1152 895 1190 restituere
915 1161 1110 1190 conantur.
1145 1152 1234 1201 Quo

133 1221 260 1267 audito
279 1221 490 1269 indignatur
515 1221 677 1259 Sosicles
706 1230 741 1258 et
771 1223 971 1259 exclamat:
991 1221 1044 1261 ᾳΗ
1067 1224 1107 1267 δὴ
1128 1222 1149 1262 δ’
1159 1250 1171 1268 ,
1193 1239 1234 1262 τε

132 1293 267 1339 οὐρανὸς
288 1291 389 1331 ἔσται
414 1291 608 1339 ἔνερθετῆς
633 1296 701 1337 γῆς
716 1318 728 1336 ,
754 1294 813 1330 καὶ
841 1295 860 1336 ἡ
884 1296 933 1338 γῆ
961 1294 1130 1340 μετέωρος
1148 1295 1232 1341 ὑπὲρ

131 1362 194 1398 τοῦ
212 1363 371 1408 οὐρανοῦ,
401 1361 460 1400 καὶ
481 1363 510 1400 οἱ
533 1360 698 1409 ἄνθρωποι
722 1364 822 1408 νομὸν
845 1363 879 1401 ἑν
906 1362 1069 1410 θαλάσσῃ
1091 1361 1232 1410 ἕξουσι,

131 1428 192 1466 καὶ
226 1431 255 1469 οἱ
284 1429 403 1477 ἵχθυες
436 1432 496 1469 τὸν
529 1430 688 1478 πρότερον
717 1431 910 1478 ἄνθρωποι,
947 1430 1005 1470 ὅτε
1032 1446 1078 1478 γε
1103 1434 1203 1479 ὑμεῖς
1221 1459 1232 1476 -,

131 1495 157 1535 ὦ
181 1499 470 1545 Λακεδαιμόνιοι,
495 1500 694 1546 ἰσοκρατίας
723 1500 963 1543 καταλύοντες
979 1525 993 1545 ,
1028 1503 1232 1548 τυραννίδας

133 1567 168 1608 ἐς
196 1567 264 1608 τοὶς
298 1567 399 1608 πόλις
425 1568 600 1614 κατάγειν
624 1569 948 1616 παρασκευάζεσθε·
973 1572 1034 1608 τοῦ
1060 1570 1140 1609 οὔτε
1160 1572 1236 1610 0231·

133 1635 275 1682 κώτερον
293 1636 387 1674 οὐδέν
408 1637 484 1674 ἐστι
507 1638 589 1674 κατ’
609 1636 825 1684 ἀνθρώπους,
851 1638 928 1675 οὔτε
947 1639 1231 1685 μιαιφονώτερον.

134 1705 164 1742 εἰ
188 1705 259 1751 γὰρ
293 1705 332 1748 δὴ
369 1705 473 1743 τοῦτο’
507 1719 552 1750 γε
588 1705 694 1743 δοκέει
720 1707 800 1751 ὑμῖν
829 1704 915 1744 εἶναι
940 1709 1121 1753 χρηστὸν,
1147 1706 1232 1750 &m

133 1773 398 1826 τυραννεύεσθαι
431 1774 499 1816 τας
537 1774 663 1816 πόλις,
703 1774 801 1812 αὐτοὶ
835 1779 959 1821 πρῶτοι
985 1776 1145 1822 τύραννον
1172 1792 1237 1815 κα·

137 1828 399 1887 ταστνισοὶμενοι
437 1842 536 1888 παρα
582 1843 684 1889 σφίσι
725 1845 860 1881 αὐτοῖσι
876 1870 887 1885 ,
925 1842 1011 1882 οὕτω
1049 1845 1107 1882 καὶ
1148 1850 1236 1884 τοῖσι

133 1908 274 1948 ἄλλοισι
312 1910 445 1956 δίζησθε
490 1911 719 1948 κατιστάναι·
759 1914 818 1949 νῦν
853 1913 915 1956 δὲ,
965 1907 1063 1951 αὐτοὶ
1101 1913 1234 1962 ἄπειροι

133 1978 245 2020 ἐόντες
286 1979 483 2026 τυραννων,
532 1980 589 2017 καὶ
631 1980 878 2027 φυλάσσοντες
916 1982 1099 2020 δεινότατα
1133 1987 1235 2023 τοῦτο

1205 2055 1240 2092 ἕν

175 2109 225 2149 (ι)
251 2108 332 2138 Plat.
354 2109 411 2141 Ll-
432 2108 786 2149 p.566.D.—569.C,
834 2109 987 2149 Apprime
1007 2121 1077 2140 cum
1093 2111 1140 2140 his
1154 2122 1235 2141 con-

134 2163 284 2199 veniunt,
308 2172 389 2202 quae
409 2161 555 2201 leguntur
576 2161 615 2191 de
636 2162 876 2193 Corinthiorum
903 2165 1046 2203 tyrannis
1066 2165 1148 2203 apud
1170 2160 1240 2194 He-

133 2215 205 2246 rod.
226 2215 358 2245 Lib.v.
382 2226 409 2245 c.
426 2226 476 2255 92.
519 2215 580 2245 Cff.
604 2226 683 2254 quae
709 2215 748 2245 de
773 2218 899 2256 tyranni
924 2222 1036 2246 natura
1063 2223 1095 2247 et
1121 2219 1241 2248 condi-

135 2270 222 2298 tione
246 2279 316 2299 cum
344 2270 414 2298 anis
442 2268 611 2307 permultis
639 2275 813 2298 memorant
829 2269 953 2300 Herod.
976 2269 1132 2302 Lib.ll[.
1147 2274 1237 2305 c.80.

138 2327 169 2351 et
194 2323 295 2353 Arist.
316 2323 455 2353 Politic.
477 2322 552 2352 Lib.
569 2321 632 2352 IV·
652 2323 724 2353 c.8.
