1492 2896
232 278 283 314 90
629 261 952 315 D1SQU1srr10

233 375 326 413 ordo
366 384 485 412 tamen
522 373 655 412 artium
692 381 727 411 et
765 373 1044 422 disciplinarum
1086 372 1229 423 legibus
1269 380 1347 412 erat

232 444 497 494 praescriptus.
550 443 620 483 Uti
659 443 891 493 gymnastica
917 448 1091 491 §.corpus‚
1118 443 1174 482 sic
1201 442 1346 481 animus

233 515 376 553 musica
413 515 677 561 excolebatur,
715 522 758 552 ut
796 514 1031 563 εὐρυθμότεροι
1065 522 1102 551 et
1131 513 1346 563 εὐαρμοστό-

232 601 322 636 repon
356 584 446 623 facti
484 593 562 622 tum
598 584 643 623 ad
675 585 868 637 dicendum
905 592 984 622 tum
1012 583 1058 621 ad
1084 584 1264 633 agendum
1290 594 1349 620 es·

234 663 316 693 sent
330 654 452 693 idonei
466 654 551 706 (1).
584 654 714 702 „Nam
741 663 783 692 ut
805 655 842 691 in
862 653 999 692 fidibus
1020 662 1083 691 aut
1102 653 1140 691 in
1159 653 1286 700 tibiis,
1301 672 1342 680 -

233 724 288 762 sic
317 724 515 763 videndum
543 733 600 762 est
626 724 664 762 in
691 724 796 770 vita,
824 735 871 762 ne
896 723 994 762 forte
1019 723 1110 772 quid
1128 723 1343 771 discrepet,

233 795 294 832 vel
319 797 439 832 multo
467 797 573 832 etiam
603 794 746 844 magis,
774 806 850 842 quo
878 795 994 844 1naj0r
1022 803 1058 832 et
1078 792 1208 832 melior
1233 793 1352 830 actio-

230 875 322 903 num
351 877 460 912 quam
489 875 667 903 sonorum
695 873 899 902 concentus
934 863 1022 902 est’'
1043 864 1127 913 (2).
1174 862 1350 913 Quapro-

234 944 317 983 pter
351 934 600 973 Athenienses
627 945 711 971 cum
739 935 907 972 viderent
938 933 1186 972 adolescentia
1209 933 1362 970 nullam·

234 1014 388 1043 aetatem
442 1005 556 1053 magis
602 1003 934 1042 turbulentissimis
979 1002 1176 1041 affectibus
1221 999 1351 1050 agitari

235 1074 487 1124 plurimisque
519 1073 724 1112 redundare
758 1073 1053 1122 cupiditatibus,
1099 1073 1254 1110 maxime
1283 1081 1350 1109 ne-

235 1144 428 1182 cessariam
462 1144 645 1181 ducebant
677 1145 727 1181 ita
758 1144 855 1182 illam
891 1143 1063 1189 institui,
1106 1151 1147 1180 ut
1181 1140 1349 1180 honestis

237 1214 372 1252 studiis
412 1223 447 1252 et
492 1213 704 1263 amperatis
758 1215 951 1263 voluptate
985 1213 1178 1252 laboribus
1218 1212 1352 1262 gaude-

237 1294 293 1324 ret
315 1285 398 1335 (3).

289 1357 427 1403 Neque
460 1356 565 1393 aliter
602 1366 674 1392 reni
713 1357 811 1403 apud
848 1355 1040 1392 Romanos
1072 1354 1213 1402 optima
1237 1360 1352 1391 aetate

242 1437 327 1464 sese
353 1425 499 1463 habuit.
549 1426 869 1476 Quemadmodum
898 1423 994 1462 enim
1023 1424 1102 1472 ipsa
1127 1423 1259 1461 civitas
1285 1434 1354 1472 per

241 1496 462 1543 peculiarem
496 1495 750 1544 magistratum
790 1494 925 1532 civium
954 1494 1122 1532 moribus
1150 1493 1355 1542 prospicie-

243 1566 336 1612 bat,
388 1566 438 1603 ita
486 1566 524 1603 in
573 1565 810 1602 instituendis
854 1564 982 1602 liberis
1029 1573 1151 1611 patres
1198 1563 1357 1601 familias

242 1648 422 1674 summam
456 1644 664 1684 posuerunt
701 1646 839 1672 curam.
897 1634 1031 1678 „Suus
1065 1634 1204 1681 cuique
1230 1633 1353 1679 filius,

243 1720 286 1746 ex
313 1717 412 1745 casta
440 1714 589 1754 parente
615 1714 750 1749 natuS,
783 1714 861 1741 non
888 1705 925 1741 in
951 1704 1041 1741 cella
1068 1712 1211 1751 emptae
1236 1703 1356 1741 nutri-

242 1778 323 1825 cis,
360 1778 424 1816 sed
461 1777 602 1824 gremio
631 1786 671 1812 ac
697 1775 782 1813 sinu
814 1775 940 1812 matris
968 1773 1219 1820 educabatur3
1249 1773 1358 1822 cuius

244 1848 442 1897 praecipua
472 1848 551 1883 laus
587 1854 690 1891 erat,
731 1845 825 1882 tueri
861 1844 1012 1881 domum
1046 1853 1081 1882 et
1112 1843 1289 1881 inservire
1314 1843 1360 1880 li-

244 1918 357 1956 beris.
416 1916 629 1964 Eligebatur
668 1924 788 1953 autem
829 1915 952 1963 aliqua
987 1925 1076 1953 natu
1116 1915 1233 1963 major
1270 1925 1358 1962 pro-

246 1988 414 2037 pinqua,
442 1987 549 2033 cujus
577 1986 744 2032 probatis
772 1985 1024 2033 spectatisque
1050 1984 1217 2021 moribus
1236 1983 1358 2022 omnis

244 2059 451 2108 cujuspiam
491 2057 648 2095 familiae
681 2056 833 2093 suboles
872 2055 1193 2100 committeretur,
1234 2065 1358 2091 coram

248 2140 320 2175 qua
356 2139 477 2175 neque
521 2127 643 2164 dicere
681 2124 738 2163 fas
779 2135 882 2174 erat,
938 2126 1040 2173 quod
1081 2133 1189 2172 turpe
1226 2123 1360 2171 dictu,

1294 2203 1360 2230 ne·

290 2280 338 2320 (ι)
363 2277 446 2307 Plat.
471 2280 617 2318 Protag.
643 2287 674 2315 p.
696 2276 766 2306 326.
793 2275 829 2305 B.

292 2333 339 2372 (π)
365 2331 434 2362 CiC.
460 2332 497 2360 de
513 2332 575 2370 Off
598 2329 675 2359 Lib.
699 2325 736 2359 L·
752 2340 779 2358 c.
800 2328 852 2359 40.

292 2385 340 2425 (3)
368 2385 470 2415 Isocr.
499 2384 780 2423 OrabArsopQu
803 2381 919 2421 p.148.
