1492 2896
591 249 646 296 125

121 383 309 442 salvete,
340 385 543 432 carissimi
568 385 794 458 Discipuli!
844 383 1007 430 Estisne
1031 385 1167 444 parati

65 466 120 511 ad
140 466 265 512 vitam
289 464 491 523 agendam
511 463 798 507 doctoralem?
858 462 988 507 Ecce!
1019 462 1174 508 instant

64 543 186 588 huius
211 549 326 588 actus
355 540 570 587 solemnia.
601 562 653 574 -·-
687 539 839 587 Favete
867 538 1016 598 linguis
1030 570 1042 592 ‚
1080 539 1173 586 Au-

65 619 241 666 ditores!

312 795 646 852 (Promotionis
664 792 916 850 jor-mula.)
957 782 959 785 Ι

121 925 287 975 Salvete
303 926 391 974 Viri
408 927 674 977 Doctissimi!
715 926 846 972 Macti
868 933 1003 972 vestra
1027 926 1176 972 virtute

64 1012 190 1062 atque
205 1004 373 1063 ingenio
392 1008 545 1049 estote!
605 1005 750 1061 Neque
778 1011 917 1048 tamen
946 1002 1029 1047 iam
1057 1003 1178 1048 vobis

63 1082 163 1127 hinc
191 1080 440 1126 abeundum.
472 1102 526 1113 —
571 1068 783 1139 Symbolis
820 1080 968 1124 altiora
1003 1079 1180 1124 indicari

65 1159 224 1204 solent.·
283 1158 390 1203 Huic
427 1158 525 1203 item
561 1157 811 1202 solemnitati
850 1158 1057 1203 maiorum
1086 1168 1180 1202 mos

62 1235 240 1295 insignia
273 1236 479 1293 quaedam
518 1242 558 1280 et
595 1235 824 1294 symbolica
866 1235 1039 1289 tribuit,
1074 1249 1180 1293 quae

65 1320 208 1358 sancte
258 1306 425 1358 ser'vare
486 1312 591 1357 solet
642 1312 776 1357 nostri
822 1313 911 1357 aevi
962 1312 1179 1357 hominum

64 1389 222 1449 pietas,
253 1403 442 1447 quaeque
470 1389 558 1432 Vos
600 1389 801 1442 excitant,
843 1395 890 1432 ut
920 1405 1043 1432 more
1080 1405 1182 1431 ma-

67 1470 217 1510 iorum
245 1465 474 1524 prudenter
508 1465 643 1524 ipsam
674 1464 871 1510 excolatis
901 1460 1177 1524 disciplinam.

123 1542 302 1587 Senatus
345 1541 612 1596 auctoritate,
642 1541 774 1600 togati
813 1541 896 1586 huc
933 1542 1179 1587 accessistis.

68 1617 216 1663 Refert
259 1620 389 1675 Toga
427 1618 497 1661 illa
535 1632 791 1675 proavorum
827 1617 1069 1676 dignitatem
1107 1633 1183 1664 ae-

69 1708 150 1751 que
183 1696 242 1738 ac'
271 1693 574 1739 liberalitatem
641 1695 805 1753 Quodsi
839 1695 966 1754 igitur
995 1703 1183 1740 nostram

69 1771 244 1815 aetatem
272 1769 461 1816 affecerit
499 1786 593 1816 cum
621 1772 924 1832 interpretandi
951 1774 1097 1818 levitas
1132 1787 1182 1818 ac

68 1846 226 1901 libido,
255 1854 342 1892 tum
365 1849 523 1893 minuta
551 1849 756 1907 quaedam
779 1857 820 1893 et
845 1850 968 1894 anxia
992 1850 1184 1895 Theolo-

68 1923 160 1981 giae
191 1924 320 1978 ratio,
351 1939 450 1978 vos,
483 1940 663 1983 quaeso,
692 1927 898 1970 maiorum
934 1941 1052 1971 more
1085 1927 1184 1986 diga

42 1986 238 2045 *nitatem
273 2003 468 2046 tueamini
514 2003 634 2047 simul
683 2010 723 2047 et
766 2003 1082 2058 liberalitatem,
1126 2005 1181 2048 ab

0 2102 23 2124 2
68 2077 182 2121 omni
226 2078 387 2123 levitate
442 2078 639 2123 alienam!
730 2079 884 2124 Facem
935 2081 1182 2138 praeferatis

15 2169 17 2172 ¹
69 2153 181 2208 aliis,
224 2162 270 2198 ut
300 2169 395 2210 vos,
435 2156 714 2215 exemplaria,
755 2157 993 2202 intueantur
1022 2172 1181 2203 omnes.

126 2233 223 2289 Quo
253 2246 352 2277 vero
388 2240 516 2292 pacto
552 2233 628 2278 has
670 2234 857 2278 excolere
891 2234 1060 2293 possitis
1096 2235 1183 2278 vir-

71 2315 203 2364 tuteS,
243 2309 312 2357 ,hic
343 2324 415 2355 vos
447 2310 599 2355 doceat
630 2313 799 2364 Liber,
831 2311 941 2355 unde
973 2326 1046 2357 vos
1077 2311 1181 2371 ipsi,
