1492 2896
270 221 660 265 PHILOSOPHICO
674 248 689 256 -
704 228 1008 273 fflsToch.
1156 236 1206 288 33*

81 328 189 366 unice
222 330 268 367 ad
302 331 438 370 bellum
473 334 568 373 istae
595 337 823 379 referrentur
846 350 960 390 atque
986 343 1031 382 ad
1056 349 1198 393 partem

76 398 167 436 adeo
195 398 345 438 virtutis
372 402 457 450 (ι).

121 467 197 505 Sed
231 479 272 507 ut
305 472 350 509 de
373 473 548 521 J'ustitiil,
583 477 729 525 legibus
755 476 935 529 imprimis
964 488 1192 536 spectanda,-

68 535 283 585 singulatim
315 541 421 580 etiam
450 544 670 594 videamus,
706 547 1093 602 animadvertendum,
1119 564 1190 595 vo-'

63 604 181 645 luisse
207 610 410 661 antiquos,
446 624 486 652 ut
512 616 702 665 legislator
735 620 849 666 patris
871 623 1078 672 matrisque
1101 636 1187 675 per-·

61 685 190 715 sonam
234 679 273 717 in
317 681 467 720 civitate
513 695 680 733 gereret,
715 698 757 726 ut
796 691 894 738 leges
933 694 1013 742 ejus
1053 695 1183 747 imagi-

58 754 143 783 nem
179 758 494 797 repraesentarent
529 756 719 804 hominis,
752 759 890 799 civium
918 763 1029 801 s'aluti
1056 766 1181 806 omnia

55 819 348 870 postponentis,
394 832 461 860 nec
509 836 598 863 vero
640 829 789 875 tyranni
826 842 867 868 ac
903 818 1069 881 domini,
1108 843 1180 885 pro'

52 884 205 925 arbitrio
234 888 447 938 imperantis
473 894 556 943 (2).
598 896 695 934 Nam
719 910 893 946 perverse
919 905 1033 952 vulgo
1059 907 1176 945 statui

52 954 252 1006 dicebant,
279 960 351 1009 hoq
378 963 615 1011 potissimum
644 968 765 1016 legum
792 981 874 1007 esse
901 974 1138 1028 propositum
1158 1004 1172 1022 ‚

50 1031 94 1061 ut
131 987 282 1065 utilitati
319 1041 446 1069 eorum
484 1035 770 1084 prospicerent,
806 1039 871 1086 qui
897 1041 1041 1080 civitati
1068 1052 1174 1092 prae-‘

48 1104 174 1133 essent
199 1098 296 1147 (3),
338 1111 452 1146 quum
494 1104 622 1150 potius
657 1107 731 1144 toti
765 1108 903 1147 civium
940 1112 1172 1153 multitudini

46 1166 242 1205 consulere
268 1168 455 1218 debeant,
482 1161 550 1209 nec
583 1183 683 1213 recte
717 1176 801 1215 illae
837 1179 937 1228 leges
972 1181 1166 1232 dicantur,

45 1247 139 1283 quae
164 1247 241 1275 non
267 1240 312 1277 ad
337 1251 573 1297 communem
606 1244 812 1285 referantur
839 1248 1001 1288 civitatis
1026 1252 1168 1292 utilita-

43 1312 115 1343 tem
138 1306 221 1354 (4).
276 1308 456 1347 Testatur
491 1312 579 1350 haec
617 1325 700 1352 cum
729 1317 881 1356 Platone
908 1320 1163 1370 Aristoteles}

42 1402 73 1422 „
95 1379 280 1426 Ἀποροῦσι
309 1396 401 1425 τινες
415 1384 455 1426 ,”
496 1381 646 1431 inquit,
683 1413 713 1432 „
729 1389 872 1438 πότερον
908 1393 958 1440 τῷ
996 1394 1160 1447 νομοθέτῃ

39 1449 309 1495 νομοθετητέον,
343 1452 546 1502 βουλομένῳ
580 1456 732 1496 τίθεσθαι
768 1461 849 1503 τοὺς
881 1463 1084 1509 ὀρθοτάτους
1109 1466 1162 1504 νά·

35 1531 123 1564 μους
138 1544 151 1563 ,
176 1521 260 1567 πρὸς
285 1522 324 1559 τὸ
350 1525 417 1561 τῶν
443 1524 635 1570 βελτιόνων
663 1529 842 1577 συμφέρον
865 1530 886 1575 ἢ
912 1537 996 1579 πρὸς
1021 1535 1061 1573 τὸ
1088 1540 1158 1574 τῶν

33 1588 217 1627 πλειόνων.
241 1607 281 1614 ·-
328 1592 379 1629 Τὸ
417 1592 447 1630 δ’
482 1594 574 1639 ὀρθὸν
608 1596 761 1639 ληπτέον
793 1596 892 1642 ἴσως·
930 1601 970 1640 τὸ
1005 1602 1035 1640 δ’
1071 1602 1154 1648 ἴσως

33 1657 123 1703 ὀρθὸν
148 1659 231 1706 πρὸς
256 1661 296 1698 τὸ
321 1664 385 1704 τῆς
412 1661 547 1704 πόλεως
574 1661 656 1708 ὅλης
694 1667 872 1715 συμφέρον
903 1670 963 1708 xxi
991 1673 1074 1719 πρὸς
1110 1674 1151 1714 τὸ

33 1728 140 1765 κοινὸν
160 1729 200 1766 τὸ
225 1733 291 1767 τῶν
316 1732 489 1769 πολιτῶν”
511 1730 611 1793 (5)..

82 1793 142 1831 Ex
163 1794 264 1832 hisce
281 1797 395 1844 igitur
413 1798 539 1847 colligi
563 1801 705 1848 possit,
731 1803 862 1842 merito
881 1807 1018 1856 legem,
1040 1812 1151 1849 vitio*

29 1874 114 1900 rum
143 1865 425 1904 emendatricem
454 1869 581 1907 vocari
610 1882 629 1907 a
655 1871 838 1911 Cicerone
859 1878 1029 1922 potuis-se
1051 1892 1149 1918 com-

27 1933 362 1984 mendatricqmque
398 1941 614 1986 virtutum,
654 1950 829 1989 recteque
861 1939 963 1983 ill‘um
992 1952 1147 1995 putasse

1097 2017 1146 2056 ab*

66 2073 115 2114 (ι)
141 2073 223 2104 Plat.
245 2074 306 2105 l.l.
328 2074 406 2105 Lib.
429 2075 492 2107 1V.
513 2087 546 2116 p.
568 2077 640 2119 705.
664 2078 703 2109 E.

64 2126 112 2167 (2)
139 2123 220 2158 plat.
242 2128 264 2158 1.
280 2128 302 2157 Ι.
325 2127 401 2160 Lib.
417 2129 476 2161 IX.
501 2141 534 2170 p.
557 2130 631 2172 859.
650 2136 692 2162 Α.

40 2180 110 2220 (5)
136 2180 217 2211 Plat.
239 2181 263 2210 l.
276 2181 300 2213 Ι.
321 2181 399 2213 Lib.
417 2182 478 2213 IV.
502 2195 531 2223 p.
550 2185 623 2225 714.
647 2186 687 2216 C.
703 2196 775 2226 sqq.
1114 2227 1117 2230 ,

64 2231 110 2272 (4)
135 2232 216 2263 plat.
238 2233 297 2266 l.l.
318 2245 351 2274 p.
372 2244 406 2276 7·
403 2235 442 2266 5.
459 2236 495 2266 B.
529 2237 581 2268 Cf.
605 2240 643 2269 de
660 2240 745 2279 Reli.
761 2236 936 2271 Lib-VH.
952 2252 983 2281 p.
1000 2238 1071 2283 51¹9.
1089 2240 1134 2275 E.-

24 2287 56 2314 et
79 2285 204 2322 passim.

64 2336 109 2378 (6)
139 2340 437 2373 Aristot.1³oli'tzc.
461 2342 537 2374 Lib.
561 2344 627 2375 111.
656 2355 683 2376 c.
711 2357 741 2387 7.
771 2347 879 2388 §.135

563 2405 595 2442 C
