1492 2896
460 292 926 341 ·0RAT10.··
1147 287 1204 338 3‘5

97 445 179 483 tem
196 436 490 490 'Academiam
523 436 577 481 ad
611 451 736 494 quam
773 434 952 480 maxime
985 447 1197 495 propensa

94 520 182 558 erat
207 514 293 571 ejus
323 514 507 559 voluntas
540 520 580 557 et
611 513 792 558 studium
807 544 821 566 ,
849 519 947 556 ante
984 511 1064 557 hos
1093 526 1198 573 sep-

93 595 176 632 tem
215 603 347 633 annos
385 588 564 633 Curator
606 604 631 633 a
679 589 795 646 Rege
848 594 1009 633 creatus
1026 619 1041 642 ‚
1095 587 1196 635 illud

91 678 259 724 semper
311 666 487 711 maxime
527 665 571 709 in
622 665 729 710 votis
771 665 944 719 habuit,
1000 673 1047 710 ut
1088 667 1196 711 festo

91 739 304 786 Saeculari
340 743 456 787 alteri
486 756 689 802 praesens·
724 749 855 797 esset,
893 742 1044 800 quibus
1089 743 1195 788 votis

89 817 265 876 benigne
297 819 438 863 annuit
472 820 599 864 Deus.

145 895 444 940 Recordemini
467 910 607 940 senem
633 909 811 955 corpore
835 896 1067 950 vacillante,
1098 895 1194 942 ani-

88 985 159 1016 mo
198 987 297 1017 vero
337 972 459 1016 hilari
498 980 623 1030 atque
664 973 791 1017 alacri
832 972 914 1018 huc
953 987 1193 1032 properan-

86 1056 197 1102 tem,
241 1055 287 1092 ut
316 1048 412 1092 huic
451 1049 557 1093 sesto
590 1049 830 1103 interesset,
877 1049 1190 1108 communisque

70 1123 223 1181 >gaudii
260 1125 376 1169 fieret
413 1126 639 1185 particeps.
673 1150 724 1164 -
759 1127 846 1185 Ipsi
887 1134 973 1172 tum
1015 1127 1190 1187 contigit

71 1216 182 1246 rara
211 1201 376 1259 quidem
401 1201 472 1246 illa
501 1202 674 1247 felicitas
689 1235 707 1257 ,v
723 1210 768 1247 ut
787 1218 971 1248 summos
986 1203 1080 1249 illos
1105 1204 1190 1249 ho-

83 1292 229 1333 nores,
256 1293 373 1324 more
396 1279 604 1337 Majorum
621 1280 850 1325 Juvenibus
875 1280 1081 1334 tributos,
1105 1281 1188 1325 ad-

63 1355 262 1415 uspieeret
306 1356 513 1411 Curator,
565 1371 670 1414 quos
710 1357 882 1402 eosdem
924 1358 1108 1402 honores
1142 1357 1187 1401 in

82 1433 223 1478 simili·
252 1433 345 1478 festi
389 1432 667 1478 celebratione
709 1434 892 1491 ejusdem
937 1434 1187 1480 Academiae

82 1511 269 1555 alumnus
297 1511 388 1570 ipse
426 1518 662 1570 acceperat.

92 1599 110 1606 '⁷
140 1587 325 1645 Contigit
347 1588 468 1632 etiam
493 1588 581 1632 aliis
612 1588 748 1643 Viris,
775 1588 849 1633 sed
873 1588 923 1633 iis
946 1590 1116 1648 paucis,
1143 1597 1187 1635 ut

83 1666 300 1721 utriusque
323 1664 416 1709 festi
450 1672 587 1709 essent
621 1665 755 1718 socii,
788 1679 916 1722 quare
952 1673 992 1710 et
1024 1665 1116 1726 ipse
1144 1674 1185 1710 et

82 1740 139 1783 illi
167 1741 256 1785 Viri
280 1741 551 1785 laudatissimi
584 1741 706 1799 hujus
743 1741 882 1800 gaudii
906 1742 1185 1787 testimonium

83 1831 173 1860 esse
192 1818 408 1861 voluerunt
437 1818 593 1861 donum
617 1817 850 1876 egregium,
882 1833 967 1875 quo
991 1826 1079 1864 tum
1110 1819 1186 1864 Bi·

84 1891 337 1937 bliothecam
365 1893 657 1938 Academicam
685 1902 951 1939 ornaverunt.
1022 1950 1024 1953 r

138 1969 251 2014 Haec
297 1977 432 2014 autem
479 1970 657 2023 laetitia,
717 1986 800 2028 qua
839 1979 926 2015 tum
967 1971 1183 2017 fruebatur

79 2060 202 2090 senex
237 2047 703 2101 ‚venerandus,similis
748 2049 932 2101 amoenis
970 2048 1068 2094 solis
1106 2065 1180 2096 oc-

81 2123 255 2167 cidentis
291 2123 445 2176 radiis,
483 2131 720 2183 postremos
762 2125 849 2170 dies
897 2126 1003 2171 vitae
1035 2127 1185 2171 lauda-0

81 2198 217 2243 biliter
253 2207 447 2259 peractae
499 2200 753 2246 exhilaravit.
799 2224 848 2234 --
889 2203 1053 2246 Etenim
1097 2218 1183 2249 non

82 2275 207 2319 multo
246 2284 367 2334 post,
411 2278 560 2321 morbo
600 2283 724 2335 atque
757 2280 867 2322 malo
902 2280 1083 2336 quodam
1111 2280 1184 2325 in-

68 2358 262 2395 -veterato
297 2353 627 2410 ingravescente,
666 2354 861 2412 singulari
897 2355 1043 2399 mentis
1076 2370 1183 2405 con..

935 2434 997 2477 ³*
