1492 2896
231 240 613 283 PHILOSOPHICO
623 263 640 274 -
651 241 957 284 HISTORICA.
1085 249 1153 294 131

55 353 147 402 ipsis
173 352 375 392 videantur.
405 352 566 398 Verum,
591 364 683 400 quae
701 360 755 390 est
769 351 930 391 Platonis
944 350 1150 400 verissima,

53 434 73 461 a
90 422 270 461 Cicerone
297 420 367 471 (ι)
390 432 587 469 expressa,
612 420 819 459 sententia:
864 420 954 468 „Ut
975 432 1020 459 ex
1040 419 1152 459 nimia

51 490 213 539 potentia
239 490 446 539 principum
480 491 597 528 oritur
622 490 791 528 interitus
824 490 1060 539 principum,
1095 489 1151 528 sic

50 561 147 599 hunc
173 560 280 597 nimis
304 560 459 598 liberum
487 561 664 608 populum
693 559 840 597 libertas
866 559 946 607 ipsa
972 559 1151 597 servitute

46 629 173 668 afficit.
226 630 286 667 Sic
322 630 444 668 omnia
479 629 618 674 nimia,
652 640 736 666 cum
768 629 828 667 vel
862 628 900 666 in
933 634 1151 676 tempestate

49 699 109 737 vel
132 698 170 736 in
196 698 290 747 agris
323 699 382 736 vel
412 698 450 736 in
475 697 697 746 corporibus
726 698 875 736 laetiora
903 697 1081 743 fuerunt,
1110 698 1150 735 in

50 767 230 807 contraria
255 766 333 806 fere
352 775 597 813 convertunt,
625 767 852 816 maximeque
875 767 914 806 in
945 767 1056 806 rebus
1080 778 1152 816 pu-

48 836 167 875 blicis·
189 836 334 885 evenit3
370 837 554 886 nimiaque
585 838 645 875 illa
676 836 824 876 libertas
861 845 896 875 et
927 837 1078 886 populis
1111 840 1150 876 et

46 906 197 954 privatis
218 905 256 944 in
279 905 424 944 nimiam
448 907 662 945 servitutem
684 906 822 948 cedit.'’
842 907 1034 945 'Nascitur
1054 907 1149 944 enim

33 975 131 1013 >inde
146 1004 159 1022 ‚
181 984 223 1013 ut
249 975 434 1024 significat
456 976 558 1015 Plato
573 1004 587 1023 ,
614 976 779 1024 tyrannis
794 1002 807 1021 ,
839 986 932 1023 quae
956 975 1054 1013 haud
1081 975 1151 1013 dus

49 1043 108 1081 bie
133 1043 250 1091 pestis
278 1053 334 1081 est
360 1044 564 1083 civitatum.
616 1045 659 1083 Id
691 1054 810 1083 autem
845 1044 1034 1092 quomodo
1067 1055 1151 1082 eve-

50 1113 151 1159 niat,
174 1112 269 1151 idem
295 1113 417 1151 denuo
440 1113 551 1151 nobis
575 1113 766 1151 adumbret
791 1113 1054 1161 philosophus.

95 1182 222 1232 Quum
259 1181 373 1231 igitur
408 1194 466 1221 res
503 1183 549 1220 ad
582 1194 663 1220 eum
701 1192 948 1231 pervenerunt
985 1191 1148 1228 statum3

49 1253 212 1300 populus
233 1259 276 1290 ut
303 1254 470 1290 coerceat
492 1264 577 1300 eos,
610 1251 697 1299 qui,
719 1251 805 1290 freti
825 1252 938 1291 nimia
959 1252 1148 1299 libertate,

48 1321 127 1360 suis
149 1329 290 1360 tantum
312 1321 514 1360 commodis
539 1322 715 1368 student,
742 1323 806 1360 uni
838 1321 946 1360 alicui
971 1323 1068 1361 solet
1092 1333 1149 1360 re·-

48 1402 129 1429 rum
164 1402 311 1428 suarum
343 1402 466 1429 curam
504 1402 545 1429 ac
569 1390 820 1429 defensionem
847 1392 1015 1430 mandare
1036 1392 1148 1430 maxia

49 1461 194 1508 misque
216 1467 300 1499 eum
330 1461 466 1509 opibus
499 1469 535 1499 et
564 1461 768 1499 honoribus
802 1461 1002 1500 cumulare.
1054 1460 1149 1511 Ille,

48 1531 200 1580 cognito
234 1530 362 1569 favore
405 1532 561 1579 populi,
611 1542 698 1570 mox
732 1531 913 1579 excogitat
950 1532 1149 1569 calumnias

48 1610 159 1649 atque
188 1613 208 1638 e
235 1601 355 1638 medio
382 1600 508 1646 tollit,
550 1612 645 1648 quos
679 1600 752 1638 sibi
782 1601 996 1639 metuendos
1023 1609 1144 1649 putat.

50 1671 138 1721 Quo
173 1669 288 1717 magis
318 1679 444 1708 autern
481 1669 554 1708 sibi
590 1669 661 1717 ipsi
697 1670 924 1718 prospiciat,
955 1682 976 1707 a
1002 1669 1148 1707 civibus

49 1737 218 1786 corporis
242 1740 416 1777 satellites
442 1739 534 1787 petit
558 1748 594 1775 et
621 1738 727 1776 facile
746 1739 916 1786 impetrat
931 1738 1014 1788 (2).
1050 1738 1149 1776 Tum

50 1819 139 1847 vero
174 1811 227 1855 „5
254 1811 454 1858 προστάτης
488 1812 613 1853 ἐκεῖνος
644 1810 749 1852 αὐτὸς
785 1810 885 1852 δῆλον
923 1810 962 1853 δὴ
998 1808 1050 1848 ἔτι
1085 1810 1149 1856 με’-ἱ

50 1894 122 1927 yona·
158 1880 368 1926 μεγαλωστὶ
399 1882 437 1919 οὐ
464 1885 602 1921 κεῖται,
641 1880 742 1917 ἀλλὰ
770 1878 988 1925 καταβαλὼν
1017 1878 1149 1921 ἄλλους

50 1950 202 1992 πολλοὺς
232 1946 377 1992 ἕστηκεν
407 1950 442 1987 ἐν
483 1949 532 1996 τῷ
566 1949 674 1995 δίφρῳ
709 1951 771 1990 τῆς
804 1947 960 1990 πόλεως,
989 1947 1150 1996 τύρκννος

50 2020 128 2059 ἀντὶ
154 2019 351 2066 προστάτου
376 2014 728 2064 dvorsa-enecabat?
754 2016 835 2065 (3)-

97 2137 144 2176 (ι)
169 2135 238 2166 Cic.
261 2136 283 2166 Ι.
305 2135 326 2165 1.
349 2145 376 2165 c.
398 2135 450 2165 44.
1081 2084 1133 2123 Ec

94 2189 143 2228 (2)
168 2187 401 2218 Animadvertit
427 2186 481 2217 Cl.
495 2196 525 2217 v.
535 2183 682 2220 Heusde,
704 2184 821 2215 Diatr.
840 2194 874 2222 p.
895 2183 944 2222 73.
974 2194 991 2213 a
1020 2183 1152 2213 Platone

55 2239 113 2272 suo
144 2246 283 2279 tempore
316 2241 509 2280 significatos
541 2240 604 2278 jam
634 2238 732 2268 fuisse
761 2237 878 2268 milites
909 2235 1151 2273 praetorianos,

57 2294 167 2337 quales
188 2299 303 2332 postea-⁷
315 2293 401 2333 apud
416 2293 570 2323 Romanos
592 2291 792 2320 exstiterunt.

99 2348 145 2388 (3)
169 2346 251 2376 l'lat.
274 2348 311 2376 cle
322 2348 408 2387 Rep.
431 2345 506 2375 Lib.
521 2344 621 2374 vm.
643 2354 675 2382 p.
689 2342 757 2374 565.
774 2343 809 2372 B.
825 2359 855 2366 —
870 2342 939 2374 566.
954 2342 998 2372 D.
1041 2342 1093 2372 cf.
1114 2342 1154 2370 de

569 2398 584 2436 Ι
612 2411 632 2436 2
1101 2399 1156 2433 *J-
