1492 2896
274 257 663 302 PHILOSOPHICO
678 278 694 287 -
708 255 1015 296 HISTORICA.
1158 267 1203 303 91

97 381 218 420 neque
253 370 402 416 facere,
450 369 551 417 quod
588 368 827 405 inhonestum
864 364 967 403 factu
1005 365 1204 403 videretur.

98 445 156 481 Ac
191 453 270 479 non
305 440 428 479 studia
462 440 574 477 modo
617 448 828 484 curasque,
869 438 934 474 sed
974 435 1210 473 remissiones

96 512 222 551 etiam'
243 513 425 558 lususque
466 519 666 557 puerorum
681 536 693 555 ‚
735 506 929 544 sanctitate
972 505 1127 552 quadam
1169 515 1209 541 ac

95 582 317 621 verecundia
342 580 582 628 temperabat.
611 599 669 606 —
731 577 838 626 Quae
865 575 1059 624 disciplina
1084 586 1125 611 ac
1152 585 1212 611 se-

95 652 232 690 veritas
259 663 304 689 eo
332 651 536 698 pertinebat
552 677 566 695 ,
592 657 634 686 ut
657 648 799 685 sincera
821 656 856 684 et
877 647 1046 694 integra,
1074 655 1108 682 et
1129 645 1212 682 nul-

94 722 140 759 lis
168 721 414 770 pravitatibus
444 720 612 764 detorta,
640 717 940 765 uniuscujusque
970 725 1101 753 natura
1126 723 1209 751 toto

94 792 219 829 statim
254 799 405 839 pectore
431 789 612 836 adriperet
638 797 733 825 artes
761 785 964 824 honestas'’
993 786 1079 833 (1).
1134 785 1210 822 De-

94 860 209 909 nique
234 861 469 899 Charondam
495 859 717 910 probantium
741 857 861 906 legum
886 857 1083 893 memoriae
1105 866 1211 891 man-

95 930 186 969 dari
224 944 269 969 ac
315 930 460 982 publice
499 933 600 966 inter
639 928 764 978 epulas
802 926 976 964 sollennes
1012 924 1213 963 decantari

93 1001 229 1039 diserte
255 1000 414 1050 jussisse
449 999 671 1047 perhibent,
702 1008 779 1044 quo
804 997 984 1034 maturius
1013 996 1058 1033 ad
1085 997 1212 1032 colen-

93 1070 175 1109 dam
205 1070 378 1107 virtutem
401 1069 640 1106 incitarentur
658 1067 910 1104 adolescentes
932 1065 1015 1113 (2).

144 1140 251 1178 Patet
275 1150 319 1175 ex
344 1138 467 1184 hisce,
498 1137 688 1184 quomodo
707 1135 915 1182 antiquitus
933 1135 1101 1172 civitates
1122 1145 1213 1172 cou-

95 1209 253 1252 sulendo
270 1209 409 1246 civium
430 1220 449 1245 a
469 1207 593 1255 pueris
616 1207 699 1244 inde
722 1205 849 1243 virtuti
871 1217 936 1243 seu
945 1232 965 1252 ,y
980 1205 1082 1252 quod
1095 1206 1153 1243 hic
1167 1207 1211 1243 ad

96 1279 192 1318 idem
212 1280 482 1328 propemodum
501 1278 616 1324 redit‚
634 1277 760 1315 morali
777 1276 937 1314 libertati
954 1305 966 1322 .,
985 1277 1079 1313 viam
1099 1277 1210 1313 simul

96 1349 189 1399 ipsis
211 1349 409 1387 straverint
427 1350 472 1386 ad
493 1348 696 1385 libertatem
718 1347 878 1385 civilem.
915 1347 996 1384 Nec
1016 1346 1104 1384 mihi
1120 1345 1212 1384 sub-

95 1419 153 1458 tili
179 1431 276 1467 opus
296 1419 445 1458 videtur
469 1419 754 1467 disquisitione,
776 1429 864 1455 num
887 1417 1130 1455 adolescentia
1152 1417 1214 1454 ha-

95 1490 214 1533 benda
246 1490 296 1527 sit
329 1489 375 1526 ad
407 1489 693 1536 comparandum
732 1487 804 1525 sibi
838 1487 1041 1524 libertatem
1081 1487 1213 1527 idonea

95 1558 258 1598 hominis
292 1568 416 1605 aetas;
459 1558 642 1605 siquidem
680 1556 941 1604 uuusquisque
974 1566 1109 1605 sponte
1147 1568 1214 1594 sua

94 1629 296 1677 intelligit,
322 1630 472 1666 alteram
499 1629 638 1665 nullam
661 1627 850 1673 inveniri,
876 1638 970 1674 quae
989 1627 1145 1665 similem
1173 1629 1210 1664 in

96 1709 252 1737 ceteram
290 1698 454 1737 hominis
491 1699 605 1737 vitam
643 1698 717 1734 vim
758 1709 927 1736 exercere
964 1708 999 1734 et
1030 1699 1155 1744 possit
1179 1708 1213 1735 et

98 1770 230 1807 soleat.
280 1769 364 1807 Hoc
390 1769 482 1806 enim
507 1769 699 1816 proprium
716 1767 905 1815 juventuti
930 1767 1113 1815 imprimis
1132 1779 1214 1806 esse

96 1840 271 1885 constat,
295 1849 337 1883 ut
360 1852 453 1889 quae
472 1840 587 1876 semel
607 1837 841 1885 conceperit,
865 1837 945 1874 sive
964 1838 1120 1875 virtutes
1144 1851 1212 1878 seu

97 1909 189 1951 vitia
207 1908 315 1955 sint,
342 1920 382 1946 ea
414 1909 650 1957 provectiore
675 1916 818 1953 aetate,
847 1919 961 1954 quum
985 1909 1131 1956 insigne
1154 1921 1216 1947 ce-

97 1979 220 2028 perint
239 1978 531 2025 incrementum,
554 1979 735 2026 exprimat
750 1978 858 2026 plane
871 1978 947 2017 vita
966 1987 1000 2016 et
1025 1979 1208 2018 moribus.

94 2050 237 2088 Molles
273 2058 361 2093 sunt
396 2049 464 2086 hac
497 2057 613 2086 aetate
635 2049 826 2096 tenerique
852 2047 1045 2086 hominum
1073 2049 1215 2097 animi,

95 2119 328 2167 maximeque
362 2128 442 2157 tum
476 2118 630 2167 fingitur
665 2127 700 2155 et
733 2117 899 2155 induitur
925 2117 1071 2166 forma,
1100 2131 1210 2167 quam

96 2189 182 2237 quis
209 2191 298 2227 velit
326 2189 528 2236 unicuique
557 2188 766 2236 imprimere
788 2186 874 2238 (3).
934 2189 1045 2228 Primi
1078 2201 1214 2237 puero-

140 2323 188 2362 (ι)
214 2323 310 2352 Auct.
336 2322 434 2352 Dial.
454 2323 492 2350 de
507 2323 619 2351 Orati.
640 2331 667 2351 e.
689 2322 742 2352 28.
1131 2272 1212 2298 rum

137 2377 185 2415 (2)
210 2375 289 2406 Vid.
311 2376 414 2415 Heyn.
438 2378 557 2415 Opasc„
582 2373 661 2406 Vol.
682 2375 729 2406 11.
752 2386 786 2414 p.
806 2386 874 2416 ¹09·

138 2430 186 2470 (5)
214 2428 307 2460 Plato
333 2431 370 2460 de
385 2431 471 2469 Rep.
492 2428 569 2459 Lib.
592 2428 640 2461 11.
660 2439 695 2469 p.
717 2429 787 2471 577.
813 2430 848 2460 B.
