1492 2896
498 196 885 247 ORATIO.
1184 205 1238 249 55

136 341 259 389 tionis
288 349 574 400 argumentum
611 350 723 388 recte
754 343 988 402 explicitum
1018 349 1092 387 est.
1126 341 1231 386 Cum

134 422 232 464 vero
270 421 431 464 Auctor
466 420 707 464 sententiam
737 420 931 464 Veterum
955 434 1021 463 -ex
1063 419 1232 476 antiqua

130 495 323 554 politica,
340 509 438 540 ,non
463 510 512 540 ex
542 499 762 549 historia,
793 503 837 540 ut
864 496 960 540 item
984 496 1245 554 postulaba-

129 578 224 625 tur,
275 572 541 626 illustrasset,
581 572 703 617 Ordo
737 586 822 615 non
859 571 1111 630 praemium,
1156 572 1230 616 sed

130 647 404 693 honorificam
428 648 679 694 mentionem
703 648 973 708 disputationi
996 648 1152 692 tribuit.

186 725 366 784 Utrique
403 725 461 769 illi
480 724 706 785 Specimini
732 731 948 784 praestat,
976 724 1028 768 de
1056 723 1237 769 Ordinis>

129 802 331 847 sententia
348 833 361 856 ‚
389 802 512 847 tertia
537 802 857 855 commentatio,
903 816 1009 858 quae
1045 800 1230 844 Platonis

131 879 287 923 dictum
304 879 558 938 adscriptum
585 879 734 923 habet:
764 880 864 926 Νεὸς
896 896 968 935 μεν
985 879 1065 935 γὰρ
1088 878 1152 922 ὥν.
1171 900 1227 909 -

129 955 466 1000 Desideravimus
489 955 533 999 in
564 957 611 999 ea
629 956 970 1009 concinnitatem,
987 954 1061 998 sed
1085 961 1231 997 auctor

131 1039 172 1076 et
196 1033 318 1091 plene
355 1039 639 1090 argumentum
679 1032 872 1085 tractavit
909 1038 948 1075 et
980 1037 1095 1074 recto
1118 1029 1231 1086 judi-

129 1109 197 1154 cio
218 1109 503 1168 gravissimam
539 1108 793 1166 antiquitatis
818 1108 1065 1152 sententiam
1096 1121 1232 1164 expo-

130 1187 235 1241 suin·
261 1196 308 1232 ut
339 1187 471 1232 >nobis
499 1185 719 1246 proposito
755 1185 944 1244 praemio
966 1183 1232 1242 dignissimus

129 1262 349 1308 videretur.
434 1262 603 1322 Apertis
656 1262 822 1306 scidulis
870 1262 990 1318 hujus
1018 1274 1020 1278 ¹
1043 1268 1232 1319 repertus

129 1348 276 1385 auctor
331 1336 395 1384 e'st
438 1339 617 1383 Janus
678 1338 977 1382 Gerardus
1042 1337 1234 1380 Hulle-

128 1432 169 1460 m
186 1431 252 1460 an
268 1449 281 1470 ,
332 1416 438 1460 Phil.
490 1416 648 1460 Theor.
705 1423 744 1459 et
784 1415 880 1459 Litt.
920 1414 961 1457 in
1007 1413 1234 1457 Academia

130 1493 549 1550 Rheno-Traiectina
589 1491 845 1536 candidatus.
901 1490 1117 1534 Secundae
1147 1489 1237 1532 dis-

127 1570 359 1627 quisitionis
401 1571 585 1628 scriptor
639 1568 835 1627 apparuit
887 1567 922 1610 B
939 1565 1201 1610 artholdu
1217 1581 1237 1608 s

128 1647 386 1691 Jacobus
414 1646 646 1689 Lintelo
677 1646 741 1689 de
766 1641 1233 1695 Geer,Phil.Theor.

129 1730 169 1767 et
190 1724 288 1768 Litt.
308 1723 420 1766 hum.
444 1722 688 1766 candidatus
703 1754 715 1774 ‚
752 1720 848 1764 etin
863 1718 1088 1763 Academia
1115 1717 1237 1760 Rhea-

127 1813 183 1842 no
196 1828 222 1835 -
234 1799 473 1854 Traiectina
504 1798 728 1842 studiosus,

151 1985 153 1987 -
186 1959 253 2002 Tu
283 1957 408 2016 igitur
443 1958 604 2016 primus
638 1958 719 2001 huc
751 1958 928 2003 accedas
957 1956 983 1999 J
1000 1954 1098 1999 ane
1134 1956 1239 1997 Ge-

127 2034 294 2080 rardi
324 2034 652 2089 Hulleman3
696 2033 938 2077 Audivimus
967 2031 1241 2075 honorificam

119 2110 465 2155 -Clarissimorum
519 2111 714 2154 Virorum
761 2109 1006 2154 sententiam
1063 2109 1115 2151 do
1171 2115 1240 2150 tua

131 2187 460 2237 Dissertatione,
520 2195 644 2243 atque
683 2188 733 2230 de
777 2186 990 2230 doctrinae
1044 2184 1241 2242 specimi-

133 2263 277 2318 nibus,
308 2278 414 2320 quae
457 2263 619 2308 dedisti.
674 2287 723 2297 --
769 2262 883 2306 Haec
935 2269 978 2306 te
1027 2261 1244 2306 declarant
