1492 2896
481 272 862 326 OttnTtO.
1180 268 1225 304 Η

115 443 205 476 5656
244 417 565 469 accommodare
605 412 756 462 debet,
804 407 923 462 eique
958 403 1001 445 in
1038 397 1233 444 omnibus

115 525 276 559 morem
318 518 475 565 gerere.
538 499 656 556 Quae
704 508 797 537 eum
839 495 1102 548 reputamus,
1149 495 1235 524 non
1303 501 1307 506 -

120 606 207 651 est,
249 592 366 652 quod
399 589 620 637 miremur,
657 580 809 624 multos
840 585 884 618 ec
916 573 1043 616 fuisse
1073 578 1116 612 et
1150 580 1239 610 esse

121 684 345 730 etiamnum
358 671 628 720 infestissimo
640 680 737 724 erga
751 657 1070 716 Philosophiam
1084 653 1238 697 animo.

123 768 197 815 Sic
234 779 374 811 rerum
400 770 614 805 sacrarum
640 751 968 795 instauratores,
994 735 1242 799 praesertim

122 847 428 898 literatissimus
469 834 790 886 Melanthon
826 830 870 872 in
912 824 997 870 suis
1036 818 1241 881 epistolis,

127 937 279 984 acriter
300 933 414 977 illam
447 927 694 985 inpugnant.
757 914 842 960 Sed
870 905 1146 966 Philosophia
1164 936 1179 957 ‚
1201 903 1245 945 in

129 1035 257 1081 quam
280 1016 339 1062 illi
366 1010 597 1059 rectissime
621 1001 926 1049 invehebantur
943 1027 954 1048 ‚
985 992 1096 1037 ratio
1129 995 1246 1040 erat,

131 1102 239 1166 quae
257 1099 428 1161 argutiis
448 1103 488 1141 et
506 1092 692 1138 futilibus
713 1080 1028 1143 quaestionibus
1046 1074 1248 1120 scatebat.

132 1194 413 1235 Germanum
444 1187 582 1225 autem
616 1167 934 1228 Philosophiam
965 1176 1050 1206 non
1088 1165 1249 1202 tantum

132 1291 220 1323 non
246 1270 555 1332 inprobarum,
597 1259 672 1305 sed
704 1258 897 1301 amarunt
925 1249 1048 1294 etiam
1081 1252 1120 1288 et
1146 1256 1254 1302 pro-

134 1361 390 1422 pugnarunt.
451 1350 516 1395 Ita
538 1347 631 1406 ipse
652 1343 698 1388 M
713 1336 964 1385 elanthon
981 1365 992 1386 ,
1008 1345 1118 1375 -cum
1150 1326 1258 1371 Phi-

137 1443 432 1504 losophastros
464 1449 508 1480 se
537 1432 838 1476 insectaturum
872 1419 1000 1472 dicit,
1037 1417 1258 1460 Philoso-

133 1533 379 1590 phastros,
409 1518 568 1577 inquit,
598 1518 695 1571 ajo,
721 1526 827 1554 nam
853 1501 1153 1557 Philosophi-s*
1175 1514 1261 1552 op·-

144 1619 254 1659 time
280 1614 405 1661 volo,
438 1606 568 1649 modo
597 1600 699 1658 quis
727 1588 1158 1643 modice‚'oautim,
1193 1589 1259 1631 et,

148 1710 199 1744 ut
229 1714 332 1741 cum
357 1696 555 1737 Platone
581 1688 759 1734 dicam,
789 1676 957 1735 μετρίως
983 1671 1020 1717 ἓν
1046 1671 1095 1726 τῇ
1126 1667 1264 1721 ἡλικίᾳ

148 1779 417 1843 φιλοσοφῆσῃ
444 1773 506 1831 *).
554 1771 618 1815 lta
642 1764 891 1812 Ursinus:
925 1774 1036 1802 vera
1054 1754 1268 1811 philoso-

146 1871 292 1928 phia,
317 1865 404 1908 etsi
440 1863 651 1914 respectu
682 1848 956 1903 leeologiae
993 1841 1269 1896 imperfecta

154 1963 248 2007 est,
284 1972 337 1980 ·-
374 1955 525 1989 tamen
558 1955 670 1982 -cum
723 1932 972 1986 leeologia
1021 1937 1271 1981 numquam

151 2043 348 2100 pugnat.
413 2031 540 2082 Quae
568 2040 675 2070 vero
706 2024 752 2063 in
784 2014 1175 2069 Philosophorum
1211 2008 1273 2049 li-

157 2127 253 2171 bris
292 2131 511 2166 erronea,
548 2113 621 2155 vel
654 2123 756 2149 cum
790 2103 1004 2146 doctrina
1033 2096 1273 2140 Ecclesiae

157 2205 418 2267 pugnantia
441 2201 716 2244 occurrunt,
750 2197 832 2232 aut
862 2187 918 2228 ab
947 2181 1194 2226 haereticis
1220 2195 1274 2221 ex

203 2344 236 2384 vt)
259 2340 335 2373 Vid.
367 2339 432 2376 ejus
463 2335 545 2373 Epp.
582 2330 613 2359 in
648 2318 990 2366 Bretsqhneideri
1032 2319 1119 2356 Corp.
1154 2317 1278 2354 reform.

164 2398 238 2429 Vol.
264 2396 290 2427 I·
313 2407 344 2435 p.
369 2391 439 2420 163.
