1492 2896
236 272 263 316 lt
607 272 997 317 ORATIO.

245 405 366 459 anni,
404 420 451 449 ex
491 420 575 462 quo
611 406 864 450 Academiae
904 407 1192 465 TraJ'ectinae,
1226 408 1359 452 almae

245 496 414 533 nostrae
458 490 608 543 matri,
657 491 847 535 valedixi.
937 492 1082 549 Neque
1127 493 1232 537 haec
1270 494 1359 537 sola

242 579 363 625 sunt,
403 588 510 629 quae
543 573 650 617 adeo
684 589 750 618 me
774 575 1042 634 perturbant.
1103 577 1237 621 Multo
1263 592 1361 620 ma-

241 656 304 714 gis
337 657 460 701 etiam
499 673 768 703 commoveor
800 675 849 704 ac
883 668 1163 720 prosternor,
1197 662 1360 706 venisse

239 742 324 799 jam
356 741 506 786 horam
533 744 745 801 cogitans,
770 760 852 802 qua
882 745 1141 790 Professoris
1167 745 1361 790 Theolo-

240 825 321 883 gici
357 841 507 870 munus
535 827 613 871 sim
652 828 957 887 auspicaturus.
1016 830 1093 874 Est
1124 829 1234 874 enim
1258 845 1362 888 gra-

241 909 453 954 vissimum
487 911 614 968 quid,
646 927 712 956 me
741 913 910 970 quidem
942 914 1110 973 judice,
1142 922 1257 960 recte
1286 915 1360 960 illo

238 1008 413 1038 munere
450 994 593 1053 fungi,
630 1003 756 1054 atque
795 998 963 1053 omnia,
1002 1014 1112 1056 quae
1149 999 1362 1058 injungit,

239 1076 379 1120 officia
409 1077 467 1120 ita
501 1086 744 1136 praestare,
776 1088 823 1125 ut
860 1082 954 1126 Deo
985 1082 1239 1141 Christoque
1274 1098 1362 1127 non

243 1161 382 1204 minus
394 1192 407 1214 ,
430 1176 556 1218 quam
573 1163 716 1220 aequis
731 1164 971 1211 hominibus
986 1166 1196 1225 proberis.
1230 1167 1360 1225 Quod

241 1244 277 1288 si
307 1260 470 1290 mecum
501 1255 679 1306 reputo,
714 1250 808 1306 quis
841 1266 936 1295 vere
972 1251 1235 1305 honorifico,
1273 1266 1358 1309 quo

233 1328 322 1386 jam
355 1329 543 1387 gaudeo,
582 1331 751 1377 nomine
787 1333 976 1389 dicatur,
1013 1335 1167 1392 quibus
1204 1336 1358 1388 animi,

234 1411 472 1470 ingeniique
516 1413 685 1459 dotibus
729 1424 954 1473 ornatum,
1010 1434 1111 1476 qua
1140 1419 1359 1464 doctrinae

236 1495 434 1541 varietate
466 1504 507 1540 et
536 1499 658 1557 copia
689 1500 938 1546 instructum
970 1517 1188 1549 eumesse
1221 1516 1359 1562 opor-

237 1586 346 1636 teat3
377 1581 411 1624 si
436 1582 682 1638 considero,
711 1586 874 1630 futuros
909 1586 1212 1646 Sospitatoris,
1242 1589 1358 1646 ejus-

237 1679 319 1721 que
360 1665 572 1711 Ecclesiae
621 1669 834 1714 ministros
874 1672 928 1715 ab
964 1671 1035 1715 illo
1079 1672 1356 1717 instituendos

238 1763 328 1792 esse
353 1756 394 1792 et
423 1750 669 1795 formandos
686 1770 697 1808 3
731 1753 766 1796 si
788 1768 921 1812 porro
958 1755 1229 1799 clarissimum
1264 1755 1358 1800 De-

239 1846 448 1877 cessorem
500 1836 710 1894 suspicio,
761 1853 979 1895 meamque
1027 1839 1269 1883 tenuitatem
1314 1847 1356 1884 et

236 1918 480 1963 eruditionis
504 1919 690 1979 inopiam
720 1935 813 1965 cum
842 1922 1122 1981 singularibus
1152 1924 1239 1981 ejus
1265 1923 1354 1968 vir-

234 2001 394 2045 tutibus
428 2011 466 2046 et
499 2004 714 2049 doctrinae
751 2007 875 2066 copia
916 2022 1148 2067 comparo,
1180 2015 1268 2052 tum
1298 2008 1354 2052 ad

233 2099 299 2128 me
327 2085 418 2143 ipse
450 2086 555 2131 haec
581 2089 667 2132 scre
701 2091 828 2134 verba
862 2091 992 2135 facio:
1038 2109 1064 2135 <c
1086 2091 1186 2148 quid
1212 2096 1259 2135 tu
1286 2093 1354 2135 fe-

235 2168 368 2211 «cisti
409 2171 609 2215 tandem?
682 2174 798 2217 Tuae
842 2183 882 2219 te
926 2176 1127 2219 audaciae
1178 2176 1348 2234 pudeat.

236 2268 260 2293 ‹<
278 2252 397 2295 Onus
424 2256 668 2313 suscepisti,
704 2259 818 2314 quod
848 2259 1012 2304 humeri
1039 2261 1146 2304 ferre
1177 2275 1351 2304 recusa-

237 2335 431 2379 «bunt.’'
494 2341 710 2385 Accedunt
750 2350 970 2402 tempora,
1008 2359 1113 2400 quac
1145 2344 1347 2399 vivimus,
