<?xml version="1.0" encoding="UTF-8"?>
<!DOCTYPE html PUBLIC "-//W3C//DTD XHTML 1.0 Transitional//EN"
    "http://www.w3.org/TR/xhtml1/DTD/xhtml1-transitional.dtd">
<html xmlns="http://www.w3.org/1999/xhtml" xml:lang="en" lang="en">
 <head>
  <title>
</title>
<meta http-equiv="Content-Type" content="text/html;charset=utf-8" />
  <meta name='ocr-system' content='tesseract 3.04.00' />
  <meta name='ocr-capabilities' content='ocr_page ocr_carea ocr_par ocr_line ocrx_word'/>
</head>
<body>
  <div class='ocr_page' id='page_1' title='image "annalesacademiae36acad_0382.png"; bbox 0 0 1492 2896; ppageno 0'>
   <div class='ocr_carea' id='block_1_1' title="bbox 276 221 991 273">
    <p class='ocr_par' dir='ltr' id='par_1_1' title="bbox 276 221 991 273">
     <span class='ocr_line' id='line_1_1' title="bbox 276 221 991 273; baseline -0.001 -11"><span class='ocrx_word' id='word_1_1' title='bbox 276 226 327 273; x_wconf 80' lang='lat'><strong>46</strong></span> <span class='ocrx_word' id='word_1_2' title='bbox 673 221 991 273; x_wconf 76' lang='lat' dir='ltr'><strong>DiststTlo</strong></span> 
     </span>
    </p>
   </div>
   <div class='ocr_carea' id='block_1_2' title="bbox 274 331 1399 1153">
    <p class='ocr_par' dir='ltr' id='par_1_2' title="bbox 274 331 1399 1153">
     <span class='ocr_line' id='line_1_2' title="bbox 277 331 1391 382; baseline -0.004 -8"><span class='ocrx_word' id='word_1_3' title='bbox 277 335 384 379; x_wconf 74' lang='grc' dir='ltr'><em>νέων,</em></span> <span class='ocrx_word' id='word_1_4' title='bbox 411 334 534 374; x_wconf 65' lang='grc' dir='ltr'><em>πάντα</em></span> <span class='ocrx_word' id='word_1_5' title='bbox 561 335 643 380; x_wconf 73' lang='grc' dir='ltr'><strong>ἡμῖν</strong></span> <span class='ocrx_word' id='word_1_6' title='bbox 669 335 750 371; x_wconf 69' lang='grc' dir='ltr'>κατ’</span> <span class='ocrx_word' id='word_1_7' title='bbox 776 335 867 382; x_wconf 74' lang='grc' dir='ltr'>ὀρθὸν</span> <span class='ocrx_word' id='word_1_8' title='bbox 891 332 1013 373; x_wconf 50' lang='lat' dir='ltr'><strong>“nef”</strong></span> <span class='ocrx_word' id='word_1_9' title='bbox 1036 331 1121 382; x_wconf 78' lang='grc' dir='ltr'>(ι).</span> <span class='ocrx_word' id='word_1_10' title='bbox 1176 331 1391 380; x_wconf 69' lang='grc' dir='ltr'><strong>Κερεῐεῐιάξι</strong></span> 
     </span>
     <span class='ocr_line' id='line_1_3' title="bbox 278 402 1390 451; baseline -0.002 -10"><span class='ocrx_word' id='word_1_11' title='bbox 278 405 361 441; x_wconf 87' lang='lat' dir='ltr'><strong>inde</strong></span> <span class='ocrx_word' id='word_1_12' title='bbox 394 411 482 441; x_wconf 83' lang='lat' dir='ltr'><strong>sunt</strong></span> <span class='ocrx_word' id='word_1_13' title='bbox 518 402 700 450; x_wconf 87' lang='lat' dir='ltr'><strong>praeclara</strong></span> <span class='ocrx_word' id='word_1_14' title='bbox 735 412 957 450; x_wconf 85' lang='lat' dir='ltr'><strong>praecepta,</strong></span> <span class='ocrx_word' id='word_1_15' title='bbox 996 413 1090 450; x_wconf 89' lang='lat' dir='ltr'><strong>quae</strong></span> <span class='ocrx_word' id='word_1_16' title='bbox 1118 403 1164 441; x_wconf 89' lang='lat' dir='ltr'><strong>de</strong></span> <span class='ocrx_word' id='word_1_17' title='bbox 1189 412 1390 451; x_wconf 88' lang='lat' dir='ltr'><strong>puerorum</strong></span> 
     </span>
     <span class='ocr_line' id='line_1_4' title="bbox 277 471 1393 522; baseline -0.002 -11"><span class='ocrx_word' id='word_1_18' title='bbox 277 472 514 511; x_wconf 85' lang='lat' dir='ltr'><strong>institutione</strong></span> <span class='ocrx_word' id='word_1_19' title='bbox 543 472 578 508; x_wconf 92' lang='lat' dir='ltr'><strong>in</strong></span> <span class='ocrx_word' id='word_1_20' title='bbox 607 472 771 509; x_wconf 84' lang='lat' dir='ltr'>Platonis</span> <span class='ocrx_word' id='word_1_21' title='bbox 798 471 841 508; x_wconf 77' lang='lat' dir='ltr'><strong>cle</strong></span> <span class='ocrx_word' id='word_1_22' title='bbox 853 471 1041 522; x_wconf 77' lang='lat' dir='ltr'><em>Legibus,</em></span> <span class='ocrx_word' id='word_1_23' title='bbox 1064 471 1244 520; x_wconf 88' lang='lat' dir='ltr'><strong>imprimis</strong></span> <span class='ocrx_word' id='word_1_24' title='bbox 1259 471 1304 510; x_wconf 81' lang='lat' dir='ltr'><strong>de</strong></span> <span class='ocrx_word' id='word_1_25' title='bbox 1317 471 1393 509; x_wconf 78' lang='lat' dir='ltr'><strong>Re·</strong></span> 
     </span>
     <span class='ocr_line' id='line_1_5' title="bbox 274 540 1394 593; baseline 0 -13"><span class='ocrx_word' id='word_1_26' title='bbox 274 543 425 593; x_wconf 78' lang='lat' dir='ltr'><strong>publica</strong></span> <span class='ocrx_word' id='word_1_27' title='bbox 463 542 567 579; x_wconf 88' lang='lat' dir='ltr'><strong>libris</strong></span> <span class='ocrx_word' id='word_1_28' title='bbox 604 541 856 590; x_wconf 81' lang='lat' dir='ltr'><strong>exhibentur3</strong></span> <span class='ocrx_word' id='word_1_29' title='bbox 896 553 979 579; x_wconf 89' lang='lat' dir='ltr'><strong>nam</strong></span> <span class='ocrx_word' id='word_1_30' title='bbox 1016 541 1048 579; x_wconf 88' lang='lat' dir='ltr'><strong>is</strong></span> <span class='ocrx_word' id='word_1_31' title='bbox 1082 542 1228 580; x_wconf 88' lang='lat' dir='ltr'><strong>demum</strong></span> <span class='ocrx_word' id='word_1_32' title='bbox 1253 541 1327 590; x_wconf 88' lang='lat' dir='ltr'><strong>ipsi</strong></span> <span class='ocrx_word' id='word_1_33' title='bbox 1354 540 1394 579; x_wconf 88' lang='lat' dir='ltr'><strong>in</strong></span> 
     </span>
     <span class='ocr_line' id='line_1_6' title="bbox 277 611 1392 659; baseline -0.001 -8"><span class='ocrx_word' id='word_1_34' title='bbox 277 614 388 651; x_wconf 91' lang='lat' dir='ltr'><strong>rebus</strong></span> <span class='ocrx_word' id='word_1_35' title='bbox 428 612 601 650; x_wconf 86' lang='lat' dir='ltr'><strong>civilibus</strong></span> <span class='ocrx_word' id='word_1_36' title='bbox 642 612 783 649; x_wconf 91' lang='lat' dir='ltr'><strong>bonum</strong></span> <span class='ocrx_word' id='word_1_37' title='bbox 823 622 954 659; x_wconf 83' lang='lat' dir='ltr'><strong>capere</strong></span> <span class='ocrx_word' id='word_1_38' title='bbox 989 611 1136 649; x_wconf 90' lang='lat' dir='ltr'><strong>initium</strong></span> <span class='ocrx_word' id='word_1_39' title='bbox 1171 611 1392 658; x_wconf 83' lang='lat' dir='ltr'><strong>videbatur,</strong></span> 
     </span>
     <span class='ocr_line' id='line_1_7' title="bbox 279 682 1396 733; baseline -0.001 -12"><span class='ocrx_word' id='word_1_40' title='bbox 279 683 345 732; x_wconf 91' lang='lat' dir='ltr'><strong>qui</strong></span> <span class='ocrx_word' id='word_1_41' title='bbox 369 684 549 733; x_wconf 83' lang='lat' dir='ltr'><strong>juvenum</strong></span> <span class='ocrx_word' id='word_1_42' title='bbox 577 682 737 730; x_wconf 87' lang='lat' dir='ltr'><strong>primum</strong></span> <span class='ocrx_word' id='word_1_43' title='bbox 762 693 888 719; x_wconf 86' lang='lat' dir='ltr'><strong>curam</strong></span> <span class='ocrx_word' id='word_1_44' title='bbox 917 682 1094 729; x_wconf 89' lang='lat' dir='ltr'><strong>haberet,</strong></span> <span class='ocrx_word' id='word_1_45' title='bbox 1123 691 1165 719; x_wconf 92' lang='lat' dir='ltr'><strong>ut</strong></span> <span class='ocrx_word' id='word_1_46' title='bbox 1191 693 1302 730; x_wconf 89' lang='lat' dir='ltr'><strong>quam</strong></span> <span class='ocrx_word' id='word_1_47' title='bbox 1326 693 1396 730; x_wconf 89' lang='lat' dir='ltr'><strong>op-</strong></span> 
     </span>
     <span class='ocr_line' id='line_1_8' title="bbox 276 751 1397 798; baseline -0.002 -7"><span class='ocrx_word' id='word_1_48' title='bbox 276 753 356 792; x_wconf 86' lang='lat' dir='ltr'><strong>timi</strong></span> <span class='ocrx_word' id='word_1_49' title='bbox 392 753 612 798; x_wconf 80' lang='lat' dir='ltr'><strong>evaderent,</strong></span> <span class='ocrx_word' id='word_1_50' title='bbox 651 760 730 789; x_wconf 89' lang='lat' dir='ltr'><strong>tum</strong></span> <span class='ocrx_word' id='word_1_51' title='bbox 765 763 855 790; x_wconf 86' lang='lat' dir='ltr'><strong>vero</strong></span> <span class='ocrx_word' id='word_1_52' title='bbox 891 752 1023 790; x_wconf 87' lang='lat' dir='ltr'><strong>ceteris</strong></span> <span class='ocrx_word' id='word_1_53' title='bbox 1050 751 1197 790; x_wconf 85' lang='lat' dir='ltr'><strong>civibus</strong></span> <span class='ocrx_word' id='word_1_54' title='bbox 1222 752 1397 790; x_wconf 83' lang='lat' dir='ltr'><strong>consule-</strong></span> 
     </span>
     <span class='ocr_line' id='line_1_9' title="bbox 279 821 1398 873; baseline 0.001 -13"><span class='ocrx_word' id='word_1_55' title='bbox 279 831 335 861; x_wconf 88' lang='lat' dir='ltr'><strong>ret</strong></span> <span class='ocrx_word' id='word_1_56' title='bbox 360 822 445 873; x_wconf 84' lang='lat'><em>(2).</em></span> <span class='ocrx_word' id='word_1_57' title='bbox 499 822 578 860; x_wconf 80' lang='lat' dir='ltr'><strong>Illis</strong></span> <span class='ocrx_word' id='word_1_58' title='bbox 601 822 695 860; x_wconf 89' lang='lat' dir='ltr'><strong>enim</strong></span> <span class='ocrx_word' id='word_1_59' title='bbox 723 821 870 861; x_wconf 86' lang='lat' dir='ltr'><strong>facilius</strong></span> <span class='ocrx_word' id='word_1_60' title='bbox 898 834 1013 872; x_wconf 88' lang='lat' dir='ltr'><strong>posse</strong></span> <span class='ocrx_word' id='word_1_61' title='bbox 1039 821 1194 872; x_wconf 88' lang='lat' dir='ltr'><strong>putabat</strong></span> <span class='ocrx_word' id='word_1_62' title='bbox 1221 830 1258 861; x_wconf 91' lang='lat' dir='ltr'><strong>et</strong></span> <span class='ocrx_word' id='word_1_63' title='bbox 1284 822 1398 861; x_wconf 87' lang='lat' dir='ltr'><strong>semi·</strong></span> 
     </span>
     <span class='ocr_line' id='line_1_10' title="bbox 277 892 1396 942; baseline 0.001 -11"><span class='ocrx_word' id='word_1_64' title='bbox 277 904 326 931; x_wconf 85' lang='lat' dir='ltr'><strong>na</strong></span> <span class='ocrx_word' id='word_1_65' title='bbox 368 892 519 931; x_wconf 84' lang='lat' dir='ltr'><strong>virtutis</strong></span> <span class='ocrx_word' id='word_1_66' title='bbox 567 892 802 942; x_wconf 87' lang='lat' dir='ltr'><strong>ingerminari</strong></span> <span class='ocrx_word' id='word_1_67' title='bbox 847 902 883 931; x_wconf 92' lang='lat' dir='ltr'><strong>et</strong></span> <span class='ocrx_word' id='word_1_68' title='bbox 923 894 1004 932; x_wconf 91' lang='lat' dir='ltr'><strong>vitii</strong></span> <span class='ocrx_word' id='word_1_69' title='bbox 1045 893 1186 932; x_wconf 86' lang='lat' dir='ltr'><strong>semina-</strong></span> <span class='ocrx_word' id='word_1_70' title='bbox 1223 893 1396 932; x_wconf 86' lang='lat' dir='ltr'><strong>funditus</strong></span> 
     </span>
     <span class='ocr_line' id='line_1_11' title="bbox 278 963 1398 1012; baseline 0 -11"><span class='ocrx_word' id='word_1_71' title='bbox 278 963 372 1002; x_wconf 86' lang='lat' dir='ltr'><strong>erui.</strong></span> <span class='ocrx_word' id='word_1_72' title='bbox 438 963 579 1002; x_wconf 85' lang='lat' dir='ltr'><strong>Verum</strong></span> <span class='ocrx_word' id='word_1_73' title='bbox 629 964 803 1012; x_wconf 86' lang='lat' dir='ltr'><strong>quoniam</strong></span> <span class='ocrx_word' id='word_1_74' title='bbox 849 965 894 1003; x_wconf 90' lang='lat' dir='ltr'><strong>de</strong></span> <span class='ocrx_word' id='word_1_75' title='bbox 935 964 1154 1003; x_wconf 87' lang='lat' dir='ltr'><strong>educatione</strong></span> <span class='ocrx_word' id='word_1_76' title='bbox 1191 972 1228 1002; x_wconf 90' lang='lat' dir='ltr'><strong>et</strong></span> <span class='ocrx_word' id='word_1_77' title='bbox 1266 963 1398 1002; x_wconf 88' lang='lat' dir='ltr'><strong>morali</strong></span> 
     </span>
     <span class='ocr_line' id='line_1_12' title="bbox 279 1032 1399 1084; baseline 0.002 -14"><span class='ocrx_word' id='word_1_78' title='bbox 279 1032 435 1072; x_wconf 85' lang='lat' dir='ltr'><strong>maxime</strong></span> <span class='ocrx_word' id='word_1_79' title='bbox 465 1034 543 1083; x_wconf 81' lang='lat' dir='ltr'><strong>eJ‘us</strong></span> <span class='ocrx_word' id='word_1_80' title='bbox 570 1035 609 1072; x_wconf 86' lang='lat' dir='ltr'><strong>vi</strong></span> <span class='ocrx_word' id='word_1_81' title='bbox 636 1032 733 1071; x_wconf 87' lang='lat' dir='ltr'><strong>infra</strong></span> <span class='ocrx_word' id='word_1_82' title='bbox 759 1035 891 1082; x_wconf 82' lang='lat' dir='ltr'><strong>agendi</strong></span> <span class='ocrx_word' id='word_1_83' title='bbox 917 1035 1024 1072; x_wconf 90' lang='lat' dir='ltr'><strong>locus</strong></span> <span class='ocrx_word' id='word_1_84' title='bbox 1051 1034 1146 1081; x_wconf 86' lang='lat' dir='ltr'><strong>erit,</strong></span> <span class='ocrx_word' id='word_1_85' title='bbox 1171 1036 1246 1084; x_wconf 85' lang='lat' dir='ltr'><strong>jam</strong></span> <span class='ocrx_word' id='word_1_86' title='bbox 1272 1034 1399 1072; x_wconf 89' lang='lat' dir='ltr'><strong>dicen-</strong></span> 
     </span>
     <span class='ocr_line' id='line_1_13' title="bbox 280 1103 1398 1153; baseline 0.002 -13"><span class='ocrx_word' id='word_1_87' title='bbox 280 1103 367 1140; x_wconf 88' lang='lat' dir='ltr'><strong>dum</strong></span> <span class='ocrx_word' id='word_1_88' title='bbox 409 1111 466 1141; x_wconf 84' lang='lat' dir='ltr'><strong>est</strong></span> <span class='ocrx_word' id='word_1_89' title='bbox 505 1103 552 1141; x_wconf 92' lang='lat' dir='ltr'><strong>de</strong></span> <span class='ocrx_word' id='word_1_90' title='bbox 589 1103 891 1151; x_wconf 84' lang='lat' dir='ltr'><strong>existimatione,</strong></span> <span class='ocrx_word' id='word_1_91' title='bbox 941 1116 1014 1153; x_wconf 89' lang='lat' dir='ltr'><strong>qua</strong></span> <span class='ocrx_word' id='word_1_92' title='bbox 1050 1103 1262 1152; x_wconf 85' lang='lat' dir='ltr'><strong>antiquitus</strong></span> <span class='ocrx_word' id='word_1_93' title='bbox 1297 1104 1398 1153; x_wconf 90' lang='lat' dir='ltr'><strong>leges</strong></span> 
     </span>
    </p>
   </div>
   <div class='ocr_carea' id='block_1_3' title="bbox 278 1172 1397 1280">
    <p class='ocr_par' dir='ltr' id='par_1_3' title="bbox 278 1172 1397 1280">
     <span class='ocr_line' id='line_1_14' title="bbox 278 1172 1397 1222; baseline 0.001 -11"><span class='ocrx_word' id='word_1_94' title='bbox 278 1172 445 1221; x_wconf 83' lang='lat' dir='ltr'><strong>fuerint,</strong></span> <span class='ocrx_word' id='word_1_95' title='bbox 486 1174 606 1221; x_wconf 88' lang='lat' dir='ltr'><strong>deque</strong></span> <span class='ocrx_word' id='word_1_96' title='bbox 645 1173 883 1222; x_wconf 74' lang='lat' dir='ltr'><strong>obedientia,</strong></span> <span class='ocrx_word' id='word_1_97' title='bbox 923 1186 1032 1222; x_wconf 89' lang='lat' dir='ltr'><strong>quam</strong></span> <span class='ocrx_word' id='word_1_98' title='bbox 1073 1174 1286 1213; x_wconf 86' lang='lat' dir='ltr'><strong>censuerint</strong></span> <span class='ocrx_word' id='word_1_99' title='bbox 1321 1174 1397 1214; x_wconf 88' lang='lat' dir='ltr'><strong>illis</strong></span> 
     </span>
     <span class='ocr_line' id='line_1_15' title="bbox 279 1243 420 1280; baseline 0 0"><span class='ocrx_word' id='word_1_100' title='bbox 279 1243 420 1280; x_wconf 90' lang='lat' dir='ltr'><strong>deberi.</strong></span> 
     </span>
    </p>
   </div>
   <div class='ocr_carea' id='block_1_4' title="bbox 787 1389 892 1435">
    <p class='ocr_par' dir='ltr' id='par_1_4' title="bbox 787 1389 892 1435">
     <span class='ocr_line' id='line_1_16' title="bbox 787 1389 892 1435; baseline -0.01 -9"><span class='ocrx_word' id='word_1_101' title='bbox 787 1389 824 1435; x_wconf 85' lang='lat'><strong>§·</strong></span> <span class='ocrx_word' id='word_1_102' title='bbox 853 1400 892 1435; x_wconf 87' lang='lat'><strong>4.</strong></span> 
     </span>
    </p>
   </div>
   <div class='ocr_carea' id='block_1_5' title="bbox 392 1515 1290 1627">
    <p class='ocr_par' dir='ltr' id='par_1_5' title="bbox 392 1515 1290 1627">
     <span class='ocr_line' id='line_1_17' title="bbox 392 1515 1290 1570; baseline 0.009 -19"><span class='ocrx_word' id='word_1_103' title='bbox 392 1515 451 1552; x_wconf 76' lang='lat' dir='ltr'><strong>De</strong></span> <span class='ocrx_word' id='word_1_104' title='bbox 476 1518 703 1555; x_wconf 72' lang='lat' dir='ltr'><strong>anctoritate</strong></span> <span class='ocrx_word' id='word_1_105' title='bbox 728 1518 868 1568; x_wconf 74' lang='lat' dir='ltr'><strong>legibus</strong></span> <span class='ocrx_word' id='word_1_106' title='bbox 893 1519 1088 1558; x_wconf 77' lang='lat' dir='ltr'><strong>secundum</strong></span> <span class='ocrx_word' id='word_1_107' title='bbox 1118 1522 1290 1570; x_wconf 82' lang='lat' dir='ltr'><strong>antiquos</strong></span> 
     </span>
     <span class='ocr_line' id='line_1_18' title="bbox 733 1589 947 1627; baseline 0.009 -2"><span class='ocrx_word' id='word_1_108' title='bbox 733 1589 947 1627; x_wconf 72' lang='lat' dir='ltr'><strong>tribuenda.</strong></span> 
     </span>
    </p>
   </div>
   <div class='ocr_carea' id='block_1_6' title="bbox 284 1724 1408 2194">
    <p class='ocr_par' dir='ltr' id='par_1_6' title="bbox 284 1724 1405 2123">
     <span class='ocr_line' id='line_1_19' title="bbox 336 1724 1403 1776; baseline 0.006 -15"><span class='ocrx_word' id='word_1_109' title='bbox 336 1724 396 1762; x_wconf 84' lang='lat' dir='ltr'><strong>Ex</strong></span> <span class='ocrx_word' id='word_1_110' title='bbox 432 1725 575 1773; x_wconf 79' lang='lat' dir='ltr'><strong>egregia</strong></span> <span class='ocrx_word' id='word_1_111' title='bbox 614 1726 728 1774; x_wconf 82' lang='lat' dir='ltr'><strong>igitur</strong></span> <span class='ocrx_word' id='word_1_112' title='bbox 757 1738 958 1774; x_wconf 85' lang='lat' dir='ltr'><strong>puerorum</strong></span> <span class='ocrx_word' id='word_1_113' title='bbox 986 1727 1024 1765; x_wconf 90' lang='lat' dir='ltr'><strong>in</strong></span> <span class='ocrx_word' id='word_1_114' title='bbox 1050 1728 1215 1776; x_wconf 87' lang='lat' dir='ltr'><strong>antiquis</strong></span> <span class='ocrx_word' id='word_1_115' title='bbox 1244 1727 1403 1768; x_wconf 86' lang='lat' dir='ltr'><strong>civitati-</strong></span> 
     </span>
     <span class='ocr_line' id='line_1_20' title="bbox 284 1795 1402 1845; baseline 0.005 -14"><span class='ocrx_word' id='word_1_116' title='bbox 284 1795 354 1831; x_wconf 82' lang='lat' dir='ltr'><strong>bus</strong></span> <span class='ocrx_word' id='word_1_117' title='bbox 394 1796 615 1833; x_wconf 81' lang='lat' dir='ltr'><strong>educatione</strong></span> <span class='ocrx_word' id='word_1_118' title='bbox 644 1797 799 1834; x_wconf 85' lang='lat' dir='ltr'><strong>fluxisse</strong></span> <span class='ocrx_word' id='word_1_119' title='bbox 826 1798 971 1835; x_wconf 84' lang='lat' dir='ltr'><strong>videtur</strong></span> <span class='ocrx_word' id='word_1_120' title='bbox 998 1798 1087 1836; x_wconf 88' lang='lat' dir='ltr'><strong>mira</strong></span> <span class='ocrx_word' id='word_1_121' title='bbox 1115 1799 1176 1836; x_wconf 91' lang='lat' dir='ltr'><strong>illa</strong></span> <span class='ocrx_word' id='word_1_122' title='bbox 1203 1807 1402 1845; x_wconf 88' lang='lat' dir='ltr'><strong>veterum,</strong></span> 
     </span>
     <span class='ocr_line' id='line_1_21' title="bbox 286 1866 1403 1916; baseline 0.005 -15"><span class='ocrx_word' id='word_1_123' title='bbox 286 1876 394 1912; x_wconf 85' lang='lat' dir='ltr'><strong>quam</strong></span> <span class='ocrx_word' id='word_1_124' title='bbox 436 1866 583 1914; x_wconf 81' lang='lat' dir='ltr'><strong>legibus</strong></span> <span class='ocrx_word' id='word_1_125' title='bbox 617 1867 868 1914; x_wconf 87' lang='lat' dir='ltr'><strong>praestandam</strong></span> <span class='ocrx_word' id='word_1_126' title='bbox 908 1868 1134 1916; x_wconf 83' lang='lat' dir='ltr'><strong>censebant,</strong></span> <span class='ocrx_word' id='word_1_127' title='bbox 1162 1869 1403 1907; x_wconf 89' lang='lat' dir='ltr'><strong>observantia</strong></span> 
     </span>
     <span class='ocr_line' id='line_1_22' title="bbox 287 1936 1405 1985; baseline 0.004 -14"><span class='ocrx_word' id='word_1_128' title='bbox 287 1943 323 1971; x_wconf 83' lang='lat' dir='ltr'><strong>et</strong></span> <span class='ocrx_word' id='word_1_129' title='bbox 357 1936 590 1983; x_wconf 77' lang='lat' dir='ltr'><strong>reverentia,</strong></span> <span class='ocrx_word' id='word_1_130' title='bbox 628 1945 670 1974; x_wconf 91' lang='lat' dir='ltr'><strong>ut</strong></span> <span class='ocrx_word' id='word_1_131' title='bbox 708 1947 836 1974; x_wconf 88' lang='lat' dir='ltr'><strong>omnes</strong></span> <span class='ocrx_word' id='word_1_132' title='bbox 871 1948 953 1974; x_wconf 87' lang='lat' dir='ltr'><strong>sese</strong></span> <span class='ocrx_word' id='word_1_133' title='bbox 988 1937 1112 1985; x_wconf 87' lang='lat' dir='ltr'><strong>legum</strong></span> <span class='ocrx_word' id='word_1_134' title='bbox 1142 1937 1258 1975; x_wconf 89' lang='lat' dir='ltr'><strong>veluti</strong></span> <span class='ocrx_word' id='word_1_135' title='bbox 1284 1949 1405 1976; x_wconf 79' lang='lat' dir='ltr'><strong>servos</strong></span> 
     </span>
     <span class='ocr_line' id='line_1_23' title="bbox 287 2005 1405 2055; baseline 0.003 -13"><span class='ocrx_word' id='word_1_136' title='bbox 287 2005 554 2044; x_wconf 82' lang='lat' dir='ltr'><strong>existimarent.</strong></span> <span class='ocrx_word' id='word_1_137' title='bbox 610 2005 754 2055; x_wconf 86' lang='lat' dir='ltr'><strong>Operae</strong></span> <span class='ocrx_word' id='word_1_138' title='bbox 779 2007 939 2055; x_wconf 81' lang='lat' dir='ltr'><strong>pretitun</strong></span> <span class='ocrx_word' id='word_1_139' title='bbox 967 2016 1022 2045; x_wconf 91' lang='lat' dir='ltr'><strong>est</strong></span> <span class='ocrx_word' id='word_1_140' title='bbox 1050 2007 1142 2046; x_wconf 88' lang='lat' dir='ltr'><strong>hanc</strong></span> <span class='ocrx_word' id='word_1_141' title='bbox 1169 2006 1405 2055; x_wconf 83' lang='lat' dir='ltr'><strong>antiquitatis</strong></span> 
     </span>
     <span class='ocr_line' id='line_1_24' title="bbox 287 2076 1020 2123; baseline 0.003 -11"><span class='ocrx_word' id='word_1_142' title='bbox 287 2076 504 2113; x_wconf 83' lang='lat' dir='ltr'><strong>sententiam</strong></span> <span class='ocrx_word' id='word_1_143' title='bbox 538 2076 669 2113; x_wconf 88' lang='lat' dir='ltr'><strong>ultimo</strong></span> <span class='ocrx_word' id='word_1_144' title='bbox 697 2077 783 2113; x_wconf 91' lang='lat' dir='ltr'><strong>loco</strong></span> <span class='ocrx_word' id='word_1_145' title='bbox 810 2076 1020 2123; x_wconf 85' lang='lat' dir='ltr'><strong>exquirere.</strong></span> 
     </span>
    </p>

    <p class='ocr_par' dir='ltr' id='par_1_7' title="bbox 337 2145 1408 2194">
     <span class='ocr_line' id='line_1_25' title="bbox 337 2145 1408 2194; baseline 0.001 -12"><span class='ocrx_word' id='word_1_146' title='bbox 337 2146 467 2194; x_wconf 85' lang='lat' dir='ltr'><strong>Itaque</strong></span> <span class='ocrx_word' id='word_1_147' title='bbox 503 2160 521 2184; x_wconf 88' lang='lat' dir='ltr'><strong>a</strong></span> <span class='ocrx_word' id='word_1_148' title='bbox 551 2145 684 2183; x_wconf 86' lang='lat' dir='ltr'><strong>teneris</strong></span> <span class='ocrx_word' id='word_1_149' title='bbox 715 2145 800 2182; x_wconf 88' lang='lat' dir='ltr'><strong>inde</strong></span> <span class='ocrx_word' id='word_1_150' title='bbox 827 2145 932 2183; x_wconf 79' lang='lat' dir='ltr'><strong>annis</strong></span> <span class='ocrx_word' id='word_1_151' title='bbox 959 2156 1106 2184; x_wconf 88' lang='lat' dir='ltr'><strong>summo</strong></span> <span class='ocrx_word' id='word_1_152' title='bbox 1130 2145 1233 2194; x_wconf 77' lang='lat' dir='ltr'><strong>pueri</strong></span> <span class='ocrx_word' id='word_1_153' title='bbox 1263 2145 1408 2184; x_wconf 86' lang='lat' dir='ltr'><strong>imbue-</strong></span> 
     </span>
    </p>
   </div>
   <div class='ocr_carea' id='block_1_7' title="bbox 336 2215 1408 2374">
    <p class='ocr_par' dir='ltr' id='par_1_8' title="bbox 336 2215 1408 2374">
     <span class='ocr_line' id='line_1_26' title="bbox 1319 2215 1408 2255; baseline -0.034 0"><span class='ocrx_word' id='word_1_154' title='bbox 1319 2215 1408 2255; x_wconf 86' lang='lat' dir='ltr'><strong>ban-</strong></span> 
     </span>
     <span class='ocr_line' id='line_1_27' title="bbox 337 2277 1100 2319; baseline -0.001 -11"><span class='ocrx_word' id='word_1_155' title='bbox 337 2280 384 2319; x_wconf 91' lang='lat'><strong>(1)</strong></span> <span class='ocrx_word' id='word_1_156' title='bbox 414 2278 496 2308; x_wconf 75' lang='lat' dir='ltr'><strong>plat.</strong></span> <span class='ocrx_word' id='word_1_157' title='bbox 521 2279 560 2309; x_wconf 79' lang='lat' dir='ltr'><strong>cle</strong></span> <span class='ocrx_word' id='word_1_158' title='bbox 574 2280 679 2318; x_wconf 77' lang='lat' dir='ltr'><strong>Legg.</strong></span> <span class='ocrx_word' id='word_1_159' title='bbox 699 2277 777 2307; x_wconf 88' lang='lat' dir='ltr'><strong>Lib.</strong></span> <span class='ocrx_word' id='word_1_160' title='bbox 800 2277 882 2308; x_wconf 78' lang='lat' dir='ltr'><strong>Vll.</strong></span> <span class='ocrx_word' id='word_1_161' title='bbox 909 2288 943 2317; x_wconf 90' lang='lat' dir='ltr'><strong>p.</strong></span> <span class='ocrx_word' id='word_1_162' title='bbox 964 2278 1035 2308; x_wconf 80' lang='lat'>815.</span> <span class='ocrx_word' id='word_1_163' title='bbox 1057 2277 1100 2307; x_wconf 91' lang='lat' dir='ltr'><strong>D.</strong></span> 
     </span>
     <span class='ocr_line' id='line_1_28' title="bbox 336 2331 878 2374; baseline -0.002 -14"><span class='ocrx_word' id='word_1_164' title='bbox 336 2335 384 2374; x_wconf 69' lang='lat'><strong>(2)</strong></span> <span class='ocrx_word' id='word_1_165' title='bbox 411 2332 492 2362; x_wconf 70' lang='lat' dir='ltr'><strong>plat.</strong></span> <span class='ocrx_word' id='word_1_166' title='bbox 515 2332 707 2372; x_wconf 74' lang='lat' dir='ltr'><strong>Euthyphr.</strong></span> <span class='ocrx_word' id='word_1_167' title='bbox 733 2342 765 2371; x_wconf 78' lang='lat' dir='ltr'><strong>p.</strong></span> <span class='ocrx_word' id='word_1_168' title='bbox 788 2342 818 2361; x_wconf 87' lang='lat'><strong>2.</strong></span> <span class='ocrx_word' id='word_1_169' title='bbox 841 2331 878 2361; x_wconf 91' lang='lat' dir='ltr'><strong>C.</strong></span> 
     </span>
    </p>
   </div>
  </div>
 </body>
</html>
