1492 2896
265 252 314 299 ³8
433 273 435 275 >
671 242 991 294 mstsrrto

266 357 412 395 sentio:
443 353 690 392 bibliothecas
709 381 722 400 .,
752 354 984 400 mehercule,
1022 353 1188 391 omnium
1218 353 1390 401 philoso-

269 427 431 475 phorum
457 435 556 462 unus
587 423 677 461 mihi
708 423 854 460 videtur
877 422 948 460 XII
973 422 1177 461 tabularum
1209 423 1388 469 libellus,

267 496 304 535 si
336 494 421 541 quis
460 495 583 542 legum
623 493 748 530 fontes
783 502 819 529 et
853 492 973 540 capita
999 493 1129 530 viderit
1162 504 1197 531 et
1225 494 1388 531 auctori-

270 564 355 604 tatis
378 564 540 612 pondere
564 572 601 601 et
629 561 798 601 utilitatis
821 563 988 600 ubertate
1012 565 1229 611 superare.'’

319 632 383 672 Ne
407 642 528 671 tamen
552 632 590 669 in
615 640 783 670 veterum
811 632 958 680 legibus
978 633 1190 681 indagandis
1219 634 1384 672 debitum

268 703 437 752 Lycurgi
451 702 675 751 legislationi
691 703 871 740 honorem
889 703 1129 749 denegemus.
1170 703 1206 741 Is
1232 703 1271 741 in
1300 714 1384 752 per·

266 773 411 823 egrinas
455 773 652 821 regiones,
700 773 849 812 Cretam
899 772 1111 820 imprimis,
1158 773 1351 822 profectus
1370 802 1384 821 ,

267 843 398 881 sedulo
432 841 596 890 gentium
629 840 775 888 legibus
803 851 917 890 atque
949 843 1135 881 institutis
1156 843 1385 892 exploratis,

267 920 357 960 post
393 910 604 949 diuturnam
646 913 789 950 tandem
833 912 1167 960 peregrinationem
1209 915 1254 952 ad
1284 924 1386 952 >suos

268 981 377 1019 rediit
412 992 608 1030 novasque
647 981 919 1020 Lacedaemoni
947 984 1047 1031 leges
1075 982 1191 1021 dedit.
1245 982 1388 1021 Harum

268 1051 400 1090 deinde
434 1052 649 1100 cognitione
683 1052 834 1100 penitus
864 1052 1124 1090 imbuebantur
1149 1053 1284 1100 pueri;
1320 1053 1389 1090 sed

269 1123 412 1170 scripto
438 1123 538 1170 leges
562 1134 639 1160 non
668 1122 949 1160 mandabantur.
986 1123 1104 1161 Erant
1129 1123 1215 1160 item
1240 1127 1387 1172 ῥῆτραι,

270 1191 410 1230 oraculi
447 1193 556 1240 Jussu
598 1205 618 1229 a
667 1192 888 1238 Terpandro
924 1194 1033 1240 poeta
1077 1193 1187 1229 certis
1225 1192 1388 1230 numeris

269 1261 464 1300 adstrictae
484 1290 496 1306 ‚
538 1273 614 1309 quo
646 1261 791 1299 facilius
820 1262 1085 1300 ediscerentur.
1141 1262 1234 1300 Non
1266 1271 1387 1300 autem

269 1331 385 1370 scribi
420 1331 521 1380 leges
550 1343 636 1369 suas
676 1332 799 1369 voluit
827 1332 1056 1380 Lycurgus,
1088 1333 1388 1380 quandoquidem

270 1401 529 1448 existimabat,
558 1402 678 1448 illud,
704 1402 807 1448 quod
832 1402 969 1438 civium
994 1401 1164 1440 felicitati
1194 1402 1389 1443 firmandae

268 1473 531 1521 augendaeque
567 1471 771 1518 inserviat,
806 1473 909 1518 quod
947 1472 991 1509 ad
1029 1473 1204 1510 virtutem
1237 1485 1302 1510 eos
1327 1473 1388 1510 ad-

269 1543 403 1588 ducat,
426 1554 553 1580 eorum
580 1542 748 1579 moribus
774 1542 995 1588 impressum
1024 1551 1060 1580 et
1083 1541 1386 1580 institutionibus

269 1612 464 1650 immotum
501 1613 677 1657 haerere,
717 1611 857 1659 quippe
890 1612 998 1660 cujus
1027 1611 1305 1650 fundamentum
1338 1612 1388 1649 sit

269 1679 399 1718 intima
426 1679 621 1728 persuasio
659 1680 838 1727 quodque
867 1681 990 1717 stabili
1032 1692 1159 1719 eorum
1195 1682 1387 1719 voluntate

270 1734 475 1796 innitatur,
519 1762 592 1797 qua
618 1750 765 1798 quidem
806 1751 923 1788 multo
963 1751 1078 1799 magis
1113 1751 1188 1788 sint
1216 1751 1386 1790 obstricti

271 1831 380 1865 quam
419 1819 482 1866 vi,
523 1831 617 1867 quae
652 1831 717 1856 eos
755 1830 891 1869 cogat:
931 1829 972 1857 ut
1005 1821 1176 1859 educatio
1210 1821 1386 1871 juvenilis

271 1889 424 1927 exsistat
452 1891 574 1938 regula
598 1898 635 1927 et
661 1889 884 1936 legislatoris
917 1891 1002 1928 loco
1037 1891 1202 1929 habenda
1227 1892 1276 1929 sit
1299 1891 1384 1940 (1).

271 1959 337 1998 Uti
368 1967 488 1998 autem
523 1958 756 2006 antiquarum
794 1960 985 1998 civitatum
1018 1961 1113 1998 ratio
1144 1962 1189 1999 ad
1211 1963 1384 2000 moralem

272 2029 428 2069 maxime
460 2029 599 2068 civium
635 2029 888 2067 conditionem
925 2029 1177 2078 referebatur,
1210 2031 1260 2068 ita
1285 2032 1384 2079 leges

266 2098 377 2136 etiam
406 2110 492 2136 suas
520 2099 565 2136 ad
594 2110 738 2137 morum
771 2101 983 2138 servandam
1014 2101 1258 2149 integritatem
1284 2112 1387 2139 cotn-

271 2168 400 2216 posuit
433 2167 647 2216 Lycurgus.
703 2169 763 2206 Eo
790 2181 989 2217 puerorum
1026 2171 1196 2210 educatio
1223 2180 1259 2208 et
1284 2183 1385 2209 com·

1307 2252 1386 2278 mu-

315 2351 364 2393 (ι)
392 2351 556 2384 Plutarch.
587 2354 657 2386 Vll.
686 2355 761 2391 [susc.
787 2364 812 2382 c.
837 2353 884 2384 ιδ.
