1492 2896
850 272 904 313 30

377 403 497 446 Prior
533 416 674 446 eorum
715 403 1021 449 ALEXANDER
1053 404 1278 451 CAnosz
1309 407 1428 452 θυι-

326 495 542 523 LlELMUS
566 478 807 524 SUERMAN
833 488 993 537 patrem
1021 481 1146 526 habet
1176 483 1308 527 virum
1337 485 1426 529 cla-

319 557 525 600 rissimum
566 557 824 601 Bernardum
851 556 1123 602 Franciscum
1152 559 1355 604 Suerman
1383 561 1426 605 in

321 634 401 677 hac
423 634 649 677 Academia
672 634 904 678 Medicinae
929 635 1212 679 Professorem
1239 637 1428 681 celeber-

319 711 478 754 rimum.
570 711 686 754 Alter
730 712 945 755 stammas
978 711 1171 755 Vnomx
1220 712 1325 756 filius
1367 720 1428 757 est

319 787 575 832 celeberrimi
600 786 675 830 viri
697 786 874 830 Gerardi
888 787 1030 831 Vrolik
1058 788 1101 830 in
1124 787 1275 832 Illustri
1291 787 1426 832 Athe-

319 879 424 908 naeo
446 864 863 916 Amstelaedamensi‚
894 864 1124 908 Medicinae
1143 871 1182 908 et
1201 864 1423 909 Botanices

319 941 577 985 professoris
608 940 838 984 clarissimi.

370 1018 568 1062 Novimus
589 1026 747 1070 autem,
783 1017 1031 1070 Audstores,
1062 1024 1260 1074 quantum
1274 1017 1424 1077 inclyta

317 1095 542 1138 domestica
572 1095 781 1152 exempla,
809 1102 849 1138 et
875 1094 1127 1152 optimorum
1154 1094 1424 1140 doctissimo-

314 1178 743 1235 rumqneparentum
757 1171 958 1235 institutio
982 1171 1132 1225 valeat,
1158 1172 1212 1214 ad
1233 1172 1423 1229 juvenilia

314 1247 479 1306 ingenia
509 1248 569 1293 ad
593 1248 760 1304 quaevis
793 1248 930 1299 bona,
958 1248 1135 1292 honesta
1163 1254 1203 1292 et
1230 1246 1326 1293 vera
1353 1249 1422 1293 in-

315 1316 497 1369 citanda.
588 1324 682 1367 Non
717 1324 842 1382 igitur
879 1325 1099 1377 miremur,
1130 1324 1296 1381 juvenes
1319 1326 1422 1371 *illos

313 1415 336 1442 a
376 1401 546 1444 teneris
567 1400 752 1445 imbutos
791 1401 915 1445 fuisse
959 1402 1191 1446 incredibili
1237 1403 1422 1448 discendi

312 1485 362 1520 etv
381 1462 654 1536 investiga-ndi
685 1493 752 1522 res
783 1471 992 1541 natm-ales
1025 1479 1189 1525 ardore.

365 1633 677 1677 ALEXANDER
715 1647 814 1694 vero
847 1632 1074 1677 CAROLUS
1107 1633 1419 1676 Gmmnmns

313 1709 553 1753 SUnnMAN
595 1708 690 1753 inde
731 1695 825 1765 jarn'
851 1725 874 1752 a
920 1709 1095 1762 teneris,
1138 1716 1177 1752 et
1214 1709 1420 1753 indefessa

311 1786 548 1830 assiduitate
564 1818 576 1838 ,
608 1793 648 1829 et
675 1785 906 1829 incredibili
931 1787 1112 1843 quodam
1138 1785 1289 1844 ingenii
1314 1800 1419 1829 acu-

313 1864 442 1916 mine,
473 1871 560 1907 tum
588 1862 710 1906 bonis
738 1863 887 1912 literis,
920 1870 1006 1906 tum
1031 1861 1282 1921 disciplinis,
1313 1877 1419 1919 quae

311 1940 362 1983 ad
391 1954 560 1984 omnem*
585 1939 902 1997 Philosophiam
928 1939 1165 1983 Naturalem
1190 1938 1416 1997 pertinent,

311 2031 483 2074 operam
515 2016 701 2067 navavit,
748 2023 1012 2069 constanter,
1057 2015 1266 2073 gnaviter,
1309 2014 1419 2059 assi-

311 2094 416 2141 due,
463 2107 678 2149 nunquam
713 2093 909 2136 varietate
942 2093 1250 2150 disciplinarum
1280 2091 1418 2150 impe-

309 2170 433 2214 ditus.
519 2170 620 2231 Mox
654 2169 817 2213 Medica
856 2170 990 2213 studia
1033 2183 1123 2212 cum
1166 2167 1339 2211 mathesi
1379 2175 1420 2211 et

307 2244 573 2302 philosophia
607 2246 785 2289 naturali
824 2245 1057 2290 felicissime
1097 2243 1327 2302 conjunxit,
1371 2250 1417 2287 ut

312 2322 656 2380 praeceptoribus
699 2322 985 2374 admirationi,
1046 2321 1188 2365 amicis
1230 2321 1417 2378 exemplo
