1492 2896
794 281 846 324 14

258 417 518 460 continenter
551 414 731 472 optimos
769 415 870 458 artis
896 416 1117 472 magistros
1147 415 1371 474 fidelesque

257 499 427 536 naturae
475 491 766 535 observatores
819 505 907 534 esse
962 491 1266 546 consulendos,
1325 501 1371 537 ut

257 569 406 612 horum
429 568 679 627 experientia
708 575 833 624 atque
854 568 1030 612 eruditio
1055 577 1235 614 vestram
1261 584 1370 614 con-

257 646 392 690 firmet
419 653 458 689 et
489 645 716 703 adaugeat,
757 646 964 702 talemque
1002 647 1120 690 vobis
1153 646 1370 691 doctrinae

257 723 422 782 copiam
466 737 711 781 comparare
752 723 950 780 possitis,
990 731 1036 766 ut
1066 738 1250 769 summos
1289 725 1368 768 hos

257 800 358 844 artis
376 799 591 858 principes·
610 799 788 851 imitari,
819 807 940 856 atque
972 800 1170 844 interiora
1196 807 1368 845 naturae

255 877 439 921 sacraria
469 877 584 920 adire
615 876 797 935 possitis.

311 954 408 998 Jam
455 968 554 1004 vero
584 953 747 998 'librum
793 953 969 1007 claudo,
1016 968 1101 1011 quo
1138 954 1370 1013 significare

258 1033 468 1080 volumus,
518 1031 732 1075 scientiam
781 1031 983 1075 med-icam
1029 1046 1114 1077 non
1163 1046 1212 1076 ex
1253 1033 1371 1076 libris

255 1117 413 1153 tantum
458 1123 546 1153 esse
586 1109 807 1166 petendam
827 1141 839 1160 ,
888 1110 962 1152 sed
1007 1121 1029 1153 e
1063 1109 1206 1154 sedula
1238 1110 1371 1169 ipsius

256 1194 428 1230 naturae
450 1186 759 1232 ¹observatione
791 1186 1054 1244 potissimum
1084 1187 1370 1233 hauriendam.

257 1264 373 1312 Vana
407 1263 518 1310 ‚enim
550 1271 611 1307 est
645 1263 779 1310 omnis
816 1263 968 1307 Medici
1007 1265 1213 1318 eruditio,
1249 1273 1373 1323 atque

255 1340 366 1384 iners
411 1354 517 1382 onus
568 1339 744 1383 dicenda
767 1371 778 1391 ,
837 1356 944 1396 quae
992 1342 1371 1387 aliorumz.tantum

256 1418 508 1476 experientia
536 1425 660 1474 atque
691 1418 928 1476 praeceptis
946 1451 957 1471 ,
989 1426 1053 1462 ast
1079 1433 1165 1463 non
1190 1420 1372 1479 proprio

254 1495 412 1551 judicio
441 1495 599 1540 nititur.

309 1557 449 1629 Ipsam
471 1571 595 1628 igitur
619 1579 810 1615 naturam
838 1573 1039 1630 optimam
1065 1573 1211 1617 ducem
1248 1582 1372 1631 atque

253 1649 493 1707 magistram
535 1656 732 1705 sequatur
777 1649 993 1702 Medicus,
1047 1649 1158 1693 illam
1203 1650 1371 1694 assiduo

255 1726 473 1779 consulat,
509 1727 655 1770 sedulo
692 1733 732 1769 et
766 1727 955 1770 sollerter
990 1726 1208 1784 investiget
1245 1735 1370 1785 atque

254 1810 538 1861 perscrutetur
555 1835 566 1851 ‚
598 1810 644 1846 ut
669 1804 725 1846 ita
755 1803 840 1859 ejus
869 1803 986 1860 signa
1013 1810 1055 1847 et
1084 1817 1208 1848 voces
1235 1805 1371 1852 inter-

253 1881 431 1936 pretari,
471 1880 725 1938 intelligere,
756 1880 882 1936 inque
919 1895 1058 1924 rerum
1100 1881 1369 1926 absconditas

255 1973 401 2002 causas
420 1967 636 2017 penetrare
655 1959 808 2016 possit,
828 1973 1076 2014 omnemque
1093 1974 1210 2002 suam
1227 1959 1370 2003 scien-

253 2036 351 2080 tiam
385 2036 437 2079 ad
469 2036 604 2094 ipsam
635 2043 826 2078 naturam
858 2036 1124 2080 conformare
1154 2037 1316 2080 valeat..

311 2114 465 2156 ¹Nostra
495 2127 592 2156 vero
622 2129 691 2156 ars
735 2128 819 2156 non
849 2114 976 2155 modo
1004 2113 1231 2166 eruditum,
1263 2129 1370 2173 pru-

254 2191 443 2243 dentem,
493 2190 567 2235 sed
604 2190 795 2248 inprimis
840 2191 1096 2248 sapientem,
1137 2191 1368 2249 optimum,

255 2269 369 2312 omui
410 2268 678 2312 humanitatis
718 2275 840 2324 atque
886 2266 1198 2310 benevolentiae
1245 2281 1369 2311 sensu

253 2345 442 2389 inbutum
481 2345 611 2389 virum
651 2345 848 2404 postulat.
928 2344 1111 2387 Medicus
1149 2359 1367 2401 aegrorum

256 2424 305 2466 sit
334 2422 512 2473 amiens,
539 2422 656 2479 cujus
681 2422 775 2464 fidei
800 2436 944 2464 (nunes
973 2435 1093 2463 curas
1122 2429 1242 2477 atque
1265 2437 1371 2477 que-
