1492 2896
661 236 686 279 7

110 371 285 417 solemni
314 369 557 423 occasione,
589 384 672 427 qua
699 371 827 414 altera
845 371 1093 416 Academiae
1116 386 1220 417 nos-

106 456 196 493 trae
219 446 445 492 saecularia
471 446 746 502 celebramus,
778 448 947 493 minime
968 465 991 493 a
1012 450 1219 508 majorum

105 525 308 585 sapientia
325 539 413 569 esse
428 524 704 569 recedendum
717 557 730 579 ,
761 540 895 583 neque
909 527 1220 585 ritus‘antiquos

100 617 194 648 >esse
223 601 502 656 omittendos,
533 602 605 660 qui
626 617 831 647 summam
853 619 976 649 verae
994 605 1219 651 'doctrinae

104 687 229 737 atque
261 679 456 724 scientiae
482 679 819 724 aestumationem
846 682 1115 741 patefaciunt.

100 765 103 769 “
160 758 301 802 Tanto
328 764 461 802 autem
490 757 652 801 honore
676 757 744 802 illa
761 759 1011 804 ‘solemnitas
1034 759 1111 804 fuit
1138 759 1220 804 ha·-

102 837 212 890 bita,
257 844 302 881 ut
342 851 428 881 non
467 836 546 880 nisi
585 836 805 893 juvenibus
849 835 1121 894 dignissimis,
1180 844 1220 881 et

105 914 330 958 admodum
371 928 469 958 raro
507 913 820 958 concederetur.
908 913 1040 970 Hujus
1083 920 1218 957 autem

105 991 210 1044 diei,
244 1006 329 1049 quo
364 992 566 1050 splendor
606 998 849 1049 augeretur,
880 1004 1065 1034 summos
1099 989 1222 1035 Doc-

103 1075 266 1112 toratus
295 1068 478 1112 honores
503 1075 602 1111 octo
621 1067 871 1111 Academiae
902 1066 1078 1110 alumnis
1101 1081 1220 1111 more

103 1144 308 1202 majorum
341 1159 429 1189 esse
463 1144 730 1198 tribuendos,
760 1144 833 1187 tali
867 1144 1025 1203 quippe
1056 1144 1218 1188 honore

105 1221 378 1279 dignissimis,
425 1222 584 1265 Rector
616 1229 655 1265 et
687 1221 867 1265 Senatus
899 1229 1159 1266 censuerunt.

162 1298 514 1357 Quandoquidem
539 1299 625 1356 jam
650 1298 750 1341 mihi
770 1298 942 1342 Rectori
968 1299 1090 1356 hujus
1106 1301 1223 1343 Aca-

106 1372 266 1420 demiae
279 1375 503 1434 Magnifico
531 1375 748 1434 provincia
774 1376 916 1419 oblata
946 1383 1031 1429 est,
1064 1376 1221 1420 solem-

105 1452 274 1497 nitatem
302 1453 425 1510 hujus
449 1453 529 1496 diei
553 1453 799 1504 inchoandi,
831 1461 956 1509 atque
983 1468 1031 1497 ex
1057 1454 1221 1498 excelso

105 1530 188 1576 hoc
210 1531 304 1575 loco
329 1531 455 1575 verba
481 1530 659 1574 faciendi
685 1545 825 1574 coram
852 1530 1111 1574 nobilissimo
1136 1530 1220 1574 hoc

106 1607 354 1652 Auditorum
385 1615 614 1662 conventu3
657 1607 754 1650 dum
783 1614 1000 1665 praeterea
1029 1607 1218 1665 splendi-

107 1684 316 1728 dissimam
359 1684 468 1727 hanc
502 1699 622 1727 sexus
657 1683 861 1740 sequioris
901 1698 1101 1727 coronam
1139 1684 1220 1726 ad·-

108 1761 261 1820 spicio,
294 1777 399 1818 quae
424 1761 756 1819 suaprnesenfia
781 1760 890 1804 hanc
917 1761 1217 1804 solemnitatem

109 1851 282 1890 ornare,
307 1845 346 1881 et
369 1845 523 1893 quanta
547 1836 802 1881 humanitate
825 1843 1127 1895 prosequatur,
1149 1837 1220 1893 qui

96 1914 161 1956 de
190 1913 335 1957 litteris
371 1914 656 1970 doctrinisque
687 1914 793 1956 hene
827 1913 960 1956 meriti
995 1914 1099 1966 sint,
1132 1914 1220 1971 sig-

107 1990 276 2034 nificare
306 1990 471 2047 quidem
501 1990 655 2042 voluit,
689 1989 948 2033 rarissimum
984 2005 1084 2033 sane
1119 1990 1219 2032 mihi

108 2067 312 2110 honorem
348 2068 568 2125 contigisse
607 2067 763 2119 sentio,
809 2067 965 2126 quippe
999 2068 1070 2124 qui
1112 2068 1220 2111 inter

96 2152 174 2188 :tot
200 2143 391 2202 Collegas
420 2152 460 2188 et
490 2145 649 2189 meritis
676 2152 716 2188 et
745 2152 877 2188 aetate
910 2160 976 2189 me
1006 2146 1114 2189 adeo
1145 2161 1221 2190 sn-

108 2217 316 2279 periores,
345 2222 506 2280 primus
537 2222 793 2267 Doctoratus
826 2224 1000 2281 gradum
1044 2224 1219 2281 antiquo

109 2297 188 2341 ritu
211 2298 446 2343 solemniter
470 2299 671 2357 tribuam,
706 2315 811 2357 quac
838 2305 976 2345 omnia
1001 2300 1095 2346 licet
1124 2302 1218 2347 ani-
