1549 2881
234 580 490 641 FAM.
556 577 610 638 I.
727 575 1253 639 DIURNA.

24 961 138 1024 Alae
177 991 336 1030 quatuor
369 989 433 1019 aut
468 979 676 1028 superiores
709 982 864 1027 saltem,
915 982 1054 1021 insecto
1093 980 1265 1029 sedente,
1309 994 1479 1031 erectae,

26 1063 170 1103 semper
205 1052 375 1097 solutae3
404 1047 598 1086 inferiores
626 1048 826 1087 retinaculo
853 1052 972 1090 nullo.
1027 1051 1224 1091 Antennae
1258 1055 1478 1103 plerumque

25 1123 71 1162 ad
102 1121 241 1170 apicem
278 1117 458 1167 capitatae
493 1125 557 1155 aut
595 1117 893 1166 subcrassiores,
949 1121 986 1159 in
1026 1122 1154 1169 paucis
1191 1123 1383 1163 filiformes
1420 1129 1479 1164 vel

7 1192 261 1232 *subsetaceae
298 1196 335 1226 et
365 1187 469 1236 apice
502 1186 723 1235 graciliore,
776 1190 965 1228 uncinato.
1042 1191 1196 1241 Lingua
1232 1193 1269 1230 in
1305 1195 1479 1233 omnibus

26 1262 143 1300 adest.

76 1329 209 1368 Eruca
234 1326 390 1376 pedibus
431 1328 491 1365 16.
532 1325 720 1376 Chrysalis
757 1328 976 1377 saepissime
1017 1332 1113 1369 nuda
1144 1341 1180 1368 et
1206 1333 1400 1381 angulata,
1436 1335 1481 1372 ad

30 1400 174 1448 postica
203 1406 343 1436 tantum
382 1397 441 1434 vel
468 1396 573 1434 etiam
608 1409 675 1445 per
707 1399 866 1437 medium
899 1398 1072 1447 funiculo
1103 1401 1221 1439 filisve
1260 1404 1480 1442 transversis

28 1468 197 1518 alligata,
233 1466 270 1504 in
306 1465 432 1514 paucis
464 1465 768 1515 subfolliculata,
807 1477 845 1506 et
882 1479 972 1507 tunc
1011 1472 1122 1508 laevis
1155 1480 1218 1510 aut
1255 1472 1483 1520 Lepidopte·

27 1547 153 1575 rorum
194 1544 460 1574 nocturnorum
505 1547 626 1584 pupae
675 1536 824 1577 similis.
903 1539 1221 1589 Metamorphosis
1265 1547 1481 1591 pierumque

29 1607 100 1645 sub
123 1604 201 1647 dio.
254 1605 414 1643 Volatns
440 1605 611 1644 diurnus.

472 1753 1032 1776 ψ

201 1872 529 1924 SEGTIO
568 1878 610 1926 Ι.
714 1876 1332 1929 PAPILIONIDES.

15 2057 18 2061 ,
84 2014 210 2053 Tibiae,
234 2018 400 2065 posticae
424 2019 531 2068 apice
550 2020 639 2059 solo
660 2021 816 2069 spinoso
840 2030 903 2060 aut
937 2024 1134 2062 catenato,
1190 2025 1287 2064 Alae
1324 2036 1485 2075 quatuor

36 2083 81 2121 ad
106 2085 411 2135 perpendiculum
445 2099 600 2128 erectae‘
653 2090 849 2130 Antemnae
878 2103 1023 2140 semper
1051 2093 1229 2141 capitatae
1253 2103 1316 2132 aut
1345 2105 1485 2134 extror-

38 2163 120 2192 sum
158 2156 384 2204 crassiores,
411 2159 514 2207 apice
534 2170 723 2208 nunquam
753 2161 911 2210 abrupte
940 2162 1130 2202 uncinato.

87 2222 219 2264 Eruca
241 2228 434 2268 subdialis.
486 2229 680 2280 Chrysam
701 2231 919 2281 saepissime
943 2233 1040 2271 nuda
1063 2242 1099 2270 et
1121 2234 1314 2282 angulata,
1342 2236 1486 2284 postice

35 2291 154 2332 solum
195 2304 257 2334 aut
291 2297 398 2337 etiam
436 2311 502 2349 per
537 2300 696 2339 medium
745 2301 810 2339 filo
843 2311 1052 2341 transverso
1087 2304 1253 2352 alligata,
1303 2305 1486 2345 rarissime

33 2360 147 2400 laevis
169 2360 218 2402 et¹
239 2366 525 2410 subfouiculata.

1411 2448 1489 2485 PA-
