<?xml version="1.0" encoding="UTF-8"?>
<!DOCTYPE html PUBLIC "-//W3C//DTD XHTML 1.0 Transitional//EN"
    "http://www.w3.org/TR/xhtml1/DTD/xhtml1-transitional.dtd">
<html xmlns="http://www.w3.org/1999/xhtml" xml:lang="en" lang="en">
 <head>
  <title>
</title>
<meta http-equiv="Content-Type" content="text/html;charset=utf-8" />
  <meta name='ocr-system' content='tesseract 3.04.00' />
  <meta name='ocr-capabilities' content='ocr_page ocr_carea ocr_par ocr_line ocrx_word'/>
</head>
<body>
  <div class='ocr_page' id='page_1' title='image "annalesacademiae36acad_0297.png"; bbox 0 0 1492 2896; ppageno 0'>
   <div class='ocr_carea' id='block_1_1' title="bbox 459 255 1208 306">
    <p class='ocr_par' dir='ltr' id='par_1_1' title="bbox 459 255 1208 306">
     <span class='ocr_line' id='line_1_1' title="bbox 459 255 1208 306; baseline 0 0"><span class='ocrx_word' id='word_1_1' title='bbox 459 258 843 306; x_wconf 83' lang='lat' dir='ltr'><strong>ORATIO.</strong></span> <span class='ocrx_word' id='word_1_2' title='bbox 1151 255 1208 299; x_wconf 79' lang='grc'><strong>61</strong></span> 
     </span>
    </p>
   </div>
   <div class='ocr_carea' id='block_1_2' title="bbox 98 397 1216 1366">
    <p class='ocr_par' dir='ltr' id='par_1_2' title="bbox 98 397 1210 764">
     <span class='ocr_line' id='line_1_2' title="bbox 127 397 1208 458; baseline -0.005 -12"><span class='ocrx_word' id='word_1_3' title='bbox 127 424 129 427; x_wconf 87' lang='grc'><em>·</em></span> <span class='ocrx_word' id='word_1_4' title='bbox 167 400 310 458; x_wconf 86' lang='lat' dir='ltr'><strong>Neque</strong></span> <span class='ocrx_word' id='word_1_5' title='bbox 345 407 410 453; x_wconf 89' lang='lat' dir='ltr'><strong>te,</strong></span> <span class='ocrx_word' id='word_1_6' title='bbox 445 399 674 445; x_wconf 87' lang='lat' dir='ltr'><strong>Petrum</strong></span> <span class='ocrx_word' id='word_1_7' title='bbox 719 398 1016 444; x_wconf 88' lang='lat' dir='ltr'><strong>Henricum</strong></span> <span class='ocrx_word' id='word_1_8' title='bbox 1045 397 1208 443; x_wconf 82' lang='lat' dir='ltr'><strong>Jaco-</strong></span> 
     </span>
     <span class='ocr_line' id='line_1_3' title="bbox 109 474 1209 535; baseline -0.003 -14"><span class='ocrx_word' id='word_1_9' title='bbox 109 477 138 521; x_wconf 91' lang='lat' dir='ltr'>b</span> <span class='ocrx_word' id='word_1_10' title='bbox 153 491 236 522; x_wconf 92' lang='lat' dir='ltr'><strong>um</strong></span> <span class='ocrx_word' id='word_1_11' title='bbox 265 476 334 524; x_wconf 89' lang='lat' dir='ltr'><strong>W</strong></span> <span class='ocrx_word' id='word_1_12' title='bbox 348 476 395 521; x_wconf 88' lang='lat' dir='ltr'><strong>el</strong></span> <span class='ocrx_word' id='word_1_13' title='bbox 409 476 498 521; x_wconf 88' lang='lat' dir='ltr'><strong>len</strong></span> <span class='ocrx_word' id='word_1_14' title='bbox 511 475 540 520; x_wconf 89' lang='lat' dir='ltr'>b</span> <span class='ocrx_word' id='word_1_15' title='bbox 556 491 577 521; x_wconf 91' lang='lat' dir='ltr'><strong>e</strong></span> <span class='ocrx_word' id='word_1_16' title='bbox 592 491 652 535; x_wconf 84' lang='lat' dir='ltr'><strong>rg</strong></span> <span class='ocrx_word' id='word_1_17' title='bbox 668 508 680 530; x_wconf 94' lang='lat'>‚</span> <span class='ocrx_word' id='word_1_18' title='bbox 695 476 852 533; x_wconf 85' lang='lat' dir='ltr'>absque</span> <span class='ocrx_word' id='word_1_19' title='bbox 880 475 1052 520; x_wconf 89' lang='lat' dir='ltr'><strong>honoris</strong></span> <span class='ocrx_word' id='word_1_20' title='bbox 1077 474 1209 533; x_wconf 82' lang='lat' dir='ltr'><strong>signi-</strong></span> 
     </span>
     <span class='ocr_line' id='line_1_4' title="bbox 108 552 1210 609; baseline -0.005 -8"><span class='ocrx_word' id='word_1_21' title='bbox 108 552 302 602; x_wconf 81' lang='lat' dir='ltr'><strong>ficatione</strong></span> <span class='ocrx_word' id='word_1_22' title='bbox 329 552 530 598; x_wconf 82' lang='lat' dir='ltr'><strong>dimittam</strong></span> <span class='ocrx_word' id='word_1_23' title='bbox 546 569 558 609; x_wconf 83' lang='lat'>3</span> <span class='ocrx_word' id='word_1_24' title='bbox 575 552 765 597; x_wconf 87' lang='lat' dir='ltr'><strong>audivisti</strong></span> <span class='ocrx_word' id='word_1_25' title='bbox 791 552 957 605; x_wconf 82' lang='lat' dir='ltr'><strong>laudes,</strong></span> <span class='ocrx_word' id='word_1_26' title='bbox 987 567 1090 608; x_wconf 86' lang='lat' dir='ltr'><strong>quas</strong></span> <span class='ocrx_word' id='word_1_27' title='bbox 1118 559 1210 596; x_wconf 80' lang='lat' dir='ltr'><strong>tuac</strong></span> 
     </span>
     <span class='ocr_line' id='line_1_5' title="bbox 105 628 1210 687; baseline -0.005 -11"><span class='ocrx_word' id='word_1_28' title='bbox 105 630 445 677; x_wconf 84' lang='lat' dir='ltr'><strong>commentationi</strong></span> <span class='ocrx_word' id='word_1_29' title='bbox 483 630 626 675; x_wconf 82' lang='lat' dir='ltr'><strong>tribuit</strong></span> <span class='ocrx_word' id='word_1_30' title='bbox 653 630 760 673; x_wconf 93' lang='lat' dir='ltr'><strong>ordo</strong></span> <span class='ocrx_word' id='word_1_31' title='bbox 799 628 1093 687; x_wconf 79' lang='lat' dir='ltr'><strong>Philosophiae</strong></span> <span class='ocrx_word' id='word_1_32' title='bbox 1122 629 1210 672; x_wconf 85' lang='lat' dir='ltr'><strong>Na-</strong></span> 
     </span>
     <span class='ocr_line' id='line_1_6' title="bbox 98 705 878 764; baseline -0.003 -12"><span class='ocrx_word' id='word_1_33' title='bbox 98 706 277 761; x_wconf 80' lang='lat' dir='ltr'><strong>turalis,</strong></span> <span class='ocrx_word' id='word_1_34' title='bbox 319 721 425 764; x_wconf 83' lang='lat' dir='ltr'><strong>quae</strong></span> <span class='ocrx_word' id='word_1_35' title='bbox 459 719 544 750; x_wconf 91' lang='lat' dir='ltr'><strong>non</strong></span> <span class='ocrx_word' id='word_1_36' title='bbox 575 713 670 750; x_wconf 86' lang='lat' dir='ltr'><strong>sunt</strong></span> <span class='ocrx_word' id='word_1_37' title='bbox 696 705 878 763; x_wconf 83' lang='lat' dir='ltr'><strong>exiguae.</strong></span> 
     </span>
    </p>

    <p class='ocr_par' dir='ltr' id='par_1_3' title="bbox 106 781 1216 1366">
     <span class='ocr_line' id='line_1_7' title="bbox 164 781 1216 843; baseline -0.002 -16"><span class='ocrx_word' id='word_1_38' title='bbox 164 783 257 828; x_wconf 92' lang='lat' dir='ltr'><strong>Hoc</strong></span> <span class='ocrx_word' id='word_1_39' title='bbox 282 783 408 843; x_wconf 83' lang='lat' dir='ltr'><strong>igitur</strong></span> <span class='ocrx_word' id='word_1_40' title='bbox 438 782 699 827; x_wconf 89' lang='lat' dir='ltr'><strong>Documento</strong></span> <span class='ocrx_word' id='word_1_41' title='bbox 726 782 802 826; x_wconf 86' lang='lat' dir='ltr'><strong>tibi</strong></span> <span class='ocrx_word' id='word_1_42' title='bbox 826 781 1103 828; x_wconf 87' lang='lat' dir='ltr'><strong>testimonium</strong></span> <span class='ocrx_word' id='word_1_43' title='bbox 1130 781 1216 825; x_wconf 86' lang='lat' dir='ltr'><strong>ho-</strong></span> 
     </span>
     <span class='ocr_line' id='line_1_8' title="bbox 107 858 1213 918; baseline -0.003 -13"><span class='ocrx_word' id='word_1_44' title='bbox 107 860 324 905; x_wconf 85' lang='lat' dir='ltr'><strong>norificum</strong></span> <span class='ocrx_word' id='word_1_45' title='bbox 337 859 474 904; x_wconf 85' lang='lat' dir='ltr'><strong>trado.</strong></span> <span class='ocrx_word' id='word_1_46' title='bbox 506 860 601 903; x_wconf 87' lang='lat' dir='ltr'><strong>Non</strong></span> <span class='ocrx_word' id='word_1_47' title='bbox 628 858 717 903; x_wconf 85' lang='lat' dir='ltr'><strong>auri</strong></span> <span class='ocrx_word' id='word_1_48' title='bbox 740 859 918 918; x_wconf 87' lang='lat' dir='ltr'><strong>pretium</strong></span> <span class='ocrx_word' id='word_1_49' title='bbox 935 890 947 911; x_wconf 93' lang='lat'>‚</span> <span class='ocrx_word' id='word_1_50' title='bbox 977 858 1052 903; x_wconf 90' lang='lat' dir='ltr'><strong>sed</strong></span> <span class='ocrx_word' id='word_1_51' title='bbox 1076 858 1213 902; x_wconf 92' lang='lat' dir='ltr'><strong>honos</strong></span> 
     </span>
     <span class='ocr_line' id='line_1_9' title="bbox 107 935 1214 995; baseline 0.001 -14"><span class='ocrx_word' id='word_1_52' title='bbox 107 937 180 981; x_wconf 85' lang='lat' dir='ltr'><strong>alit</strong></span> <span class='ocrx_word' id='word_1_53' title='bbox 210 944 335 982; x_wconf 88' lang='lat' dir='ltr'><strong>artes.</strong></span> <span class='ocrx_word' id='word_1_54' title='bbox 392 936 524 995; x_wconf 84' lang='lat' dir='ltr'><strong>Perge</strong></span> <span class='ocrx_word' id='word_1_55' title='bbox 552 936 678 994; x_wconf 87' lang='lat' dir='ltr'><strong>igitur</strong></span> <span class='ocrx_word' id='word_1_56' title='bbox 698 935 782 980; x_wconf 92' lang='lat' dir='ltr'><strong>hoc</strong></span> <span class='ocrx_word' id='word_1_57' title='bbox 818 935 983 980; x_wconf 90' lang='lat' dir='ltr'><strong>honore</strong></span> <span class='ocrx_word' id='word_1_58' title='bbox 1021 935 1214 982; x_wconf 86' lang='lat' dir='ltr'><strong>incitatus</strong></span> 
     </span>
     <span class='ocr_line' id='line_1_10' title="bbox 108 1011 1215 1071; baseline 0 -13"><span class='ocrx_word' id='word_1_59' title='bbox 108 1013 254 1060; x_wconf 83' lang='lat' dir='ltr'><strong>eadem</strong></span> <span class='ocrx_word' id='word_1_60' title='bbox 286 1012 495 1071; x_wconf 82' lang='lat' dir='ltr'><strong>diligentia</strong></span> <span class='ocrx_word' id='word_1_61' title='bbox 531 1019 571 1057; x_wconf 88' lang='lat' dir='ltr'><strong>et</strong></span> <span class='ocrx_word' id='word_1_62' title='bbox 601 1012 753 1057; x_wconf 85' lang='lat' dir='ltr'><strong>ardore</strong></span> <span class='ocrx_word' id='word_1_63' title='bbox 779 1012 823 1056; x_wconf 90' lang='lat' dir='ltr'><strong>in</strong></span> <span class='ocrx_word' id='word_1_64' title='bbox 852 1011 1066 1057; x_wconf 87' lang='lat' dir='ltr'><strong>utilissima</strong></span> <span class='ocrx_word' id='word_1_65' title='bbox 1089 1020 1215 1070; x_wconf 87' lang='lat' dir='ltr'><strong>atque</strong></span> 
     </span>
     <span class='ocr_line' id='line_1_11' title="bbox 108 1088 1213 1147; baseline 0.001 -14"><span class='ocrx_word' id='word_1_66' title='bbox 108 1088 403 1147; x_wconf 84' lang='lat' dir='ltr'><strong>jucundissima</strong></span> <span class='ocrx_word' id='word_1_67' title='bbox 433 1088 614 1133; x_wconf 85' lang='lat' dir='ltr'><strong>Naturae</strong></span> <span class='ocrx_word' id='word_1_68' title='bbox 656 1088 794 1134; x_wconf 85' lang='lat' dir='ltr'><strong>studia</strong></span> <span class='ocrx_word' id='word_1_69' title='bbox 828 1089 1097 1143; x_wconf 85' lang='lat' dir='ltr'><strong>incumbere,</strong></span> <span class='ocrx_word' id='word_1_70' title='bbox 1143 1096 1213 1143; x_wconf 87' lang='lat' dir='ltr'><strong>ut,</strong></span> 
     </span>
     <span class='ocr_line' id='line_1_12' title="bbox 111 1165 1212 1225; baseline 0 -14"><span class='ocrx_word' id='word_1_71' title='bbox 111 1166 461 1224; x_wconf 83' lang='lat' dir='ltr'><strong>quemadmodum</strong></span> <span class='ocrx_word' id='word_1_72' title='bbox 481 1165 731 1211; x_wconf 87' lang='lat' dir='ltr'><strong>Academiae</strong></span> <span class='ocrx_word' id='word_1_73' title='bbox 759 1173 854 1210; x_wconf 86' lang='lat' dir='ltr'><strong>tuae</strong></span> <span class='ocrx_word' id='word_1_74' title='bbox 872 1166 1139 1225; x_wconf 83' lang='lat' dir='ltr'><strong>Lugdunensi</strong></span> <span class='ocrx_word' id='word_1_75' title='bbox 1168 1180 1212 1211; x_wconf 90' lang='lat' dir='ltr'><strong>es</strong></span> 
     </span>
     <span class='ocr_line' id='line_1_13' title="bbox 112 1242 1216 1302; baseline 0.001 -15"><span class='ocrx_word' id='word_1_76' title='bbox 112 1242 292 1296; x_wconf 87' lang='lat' dir='ltr'><strong>honori,</strong></span> <span class='ocrx_word' id='word_1_77' title='bbox 338 1243 396 1288; x_wconf 86' lang='lat' dir='ltr'><strong>ita</strong></span> <span class='ocrx_word' id='word_1_78' title='bbox 426 1242 651 1301; x_wconf 86' lang='lat' dir='ltr'><strong>aliquando</strong></span> <span class='ocrx_word' id='word_1_79' title='bbox 673 1243 932 1290; x_wconf 84' lang='lat' dir='ltr'><strong>Medicorum</strong></span> <span class='ocrx_word' id='word_1_80' title='bbox 966 1243 1116 1291; x_wconf 88' lang='lat' dir='ltr'><strong>Ordini</strong></span> <span class='ocrx_word' id='word_1_81' title='bbox 1141 1243 1216 1302; x_wconf 60' lang='lat' dir='ltr'><strong>fies</strong></span> 
     </span>
     <span class='ocr_line' id='line_1_14' title="bbox 106 1326 358 1366; baseline 0.008 -2"><span class='ocrx_word' id='word_1_82' title='bbox 106 1326 358 1366; x_wconf 64' lang='lat' dir='ltr'><strong>ormentumc</strong></span> 
     </span>
    </p>
   </div>
   <div class='ocr_carea' id='block_1_3' title="bbox 610 1458 711 1469">
    <p class='ocr_par' dir='ltr' id='par_1_4' title="bbox 610 1458 711 1469">
     <span class='ocr_line' id='line_1_15' title="bbox 610 1458 711 1469; baseline 0 -1"><span class='ocrx_word' id='word_1_83' title='bbox 610 1458 711 1469; x_wconf 59' lang='lat' dir='ltr'>o——q-</span> 
     </span>
    </p>
   </div>
   <div class='ocr_carea' id='block_1_4' title="bbox 313 1564 995 1616">
    <p class='ocr_par' dir='ltr' id='par_1_5' title="bbox 313 1564 995 1616">
     <span class='ocr_line' id='line_1_16' title="bbox 313 1564 995 1616; baseline 0.012 -13"><span class='ocrx_word' id='word_1_84' title='bbox 313 1564 488 1616; x_wconf 72' lang='lat' dir='ltr'><strong>Jumcnnu</strong></span> <span class='ocrx_word' id='word_1_85' title='bbox 514 1567 675 1606; x_wconf 70' lang='lat' dir='ltr'><strong>Ossnnus</strong></span> <span class='ocrx_word' id='word_1_86' title='bbox 702 1567 995 1611; x_wconf 67' lang='lat' dir='ltr'><strong>Tunozoaonum.</strong></span> 
     </span>
    </p>
   </div>
   <div class='ocr_carea' id='block_1_5' title="bbox 103 1702 1210 2388">
    <p class='ocr_par' dir='ltr' id='par_1_6' title="bbox 103 1702 1210 2388">
     <span class='ocr_line' id='line_1_17' title="bbox 166 1702 1210 1773; baseline 0.015 -27"><span class='ocrx_word' id='word_1_87' title='bbox 166 1702 287 1748; x_wconf 89' lang='lat' dir='ltr'><strong>Ordo</strong></span> <span class='ocrx_word' id='word_1_88' title='bbox 318 1704 629 1766; x_wconf 83' lang='lat' dir='ltr'><strong>Theologorum</strong></span> <span class='ocrx_word' id='word_1_89' title='bbox 675 1724 799 1755; x_wconf 89' lang='lat' dir='ltr'><strong>unum</strong></span> <span class='ocrx_word' id='word_1_90' title='bbox 837 1712 931 1757; x_wconf 85' lang='lat' dir='ltr'><strong>tulit</strong></span> <span class='ocrx_word' id='word_1_91' title='bbox 966 1728 1210 1773; x_wconf 88' lang='lat' dir='ltr'><strong>responsum</strong></span> 
     </span>
     <span class='ocr_line' id='line_1_18' title="bbox 107 1778 1209 1840; baseline 0.012 -17"><span class='ocrx_word' id='word_1_92' title='bbox 107 1778 164 1823; x_wconf 80' lang='lat' dir='ltr'><strong>ad</strong></span> <span class='ocrx_word' id='word_1_93' title='bbox 198 1781 458 1840; x_wconf 81' lang='lat' dir='ltr'><strong>propositam</strong></span> <span class='ocrx_word' id='word_1_94' title='bbox 496 1785 810 1840; x_wconf 86' lang='lat' dir='ltr'><strong>quaestionem:</strong></span> <span class='ocrx_word' id='word_1_95' title='bbox 856 1791 1115 1834; x_wconf 73' lang='lat' dir='ltr'><strong>schismatis</strong></span> <span class='ocrx_word' id='word_1_96' title='bbox 1161 1795 1209 1838; x_wconf 82' lang='lat' dir='ltr'><strong>in</strong></span> 
     </span>
     <span class='ocr_line' id='line_1_19' title="bbox 108 1856 1209 1925; baseline 0.016 -29"><span class='ocrx_word' id='word_1_97' title='bbox 108 1856 319 1899; x_wconf 78' lang='lat' dir='ltr'><strong>Dioecesi</strong></span> <span class='ocrx_word' id='word_1_98' title='bbox 342 1886 344 1888; x_wconf 90' lang='lat'><em>-</em></span> <span class='ocrx_word' id='word_1_99' title='bbox 367 1860 821 1918; x_wconf 78' lang='lat' dir='ltr'><strong>Rheno—Trajectina</strong></span> <span class='ocrx_word' id='word_1_100' title='bbox 871 1865 1209 1925; x_wconf 71' lang='lat'>(1423—1457)</span> 
     </span>
     <span class='ocr_line' id='line_1_20' title="bbox 104 1932 1207 2001; baseline 0.016 -29"><span class='ocrx_word' id='word_1_101' title='bbox 104 1932 301 1975; x_wconf 70' lang='lat' dir='ltr'><strong>Itis-toria</strong></span> <span class='ocrx_word' id='word_1_102' title='bbox 341 1937 408 1976; x_wconf 81' lang='lat' dir='ltr'><strong>ita</strong></span> <span class='ocrx_word' id='word_1_103' title='bbox 447 1946 717 1991; x_wconf 62' lang='lat' dir='ltr'><strong>enarretur-3</strong></span> <span class='ocrx_word' id='word_1_104' title='bbox 750 1948 800 1982; x_wconf 78' lang='lat' dir='ltr'><strong>ut</strong></span> <span class='ocrx_word' id='word_1_105' title='bbox 844 1943 986 1986; x_wconf 76' lang='lat' dir='ltr'><strong>simul</strong></span> <span class='ocrx_word' id='word_1_106' title='bbox 1011 1947 1110 2001; x_wconf 68' lang='lat' dir='ltr'><strong>ejus</strong></span> <span class='ocrx_word' id='word_1_107' title='bbox 1139 1949 1207 1990; x_wconf 74' lang='lat' dir='ltr'><strong>vis</strong></span> 
     </span>
     <span class='ocr_line' id='line_1_21' title="bbox 105 2017 1209 2066; baseline 0.014 -16"><span class='ocrx_word' id='word_1_108' title='bbox 105 2018 362 2064; x_wconf 76' lang='lat' dir='ltr'><strong>exponatur</strong></span> <span class='ocrx_word' id='word_1_109' title='bbox 400 2027 501 2054; x_wconf 80' lang='lat' dir='ltr'><strong>eum</strong></span> <span class='ocrx_word' id='word_1_110' title='bbox 542 2017 588 2056; x_wconf 82' lang='lat' dir='ltr'><strong>in</strong></span> <span class='ocrx_word' id='word_1_111' title='bbox 628 2017 969 2063; x_wconf 70' lang='lat' dir='ltr'><strong>Ecclesiamet</strong></span> <span class='ocrx_word' id='word_1_112' title='bbox 999 2023 1209 2066; x_wconf 74' lang='lat' dir='ltr'><strong>Hierar-</strong></span> 
     </span>
     <span class='ocr_line' id='line_1_22' title="bbox 104 2087 1207 2153; baseline 0.016 -27"><span class='ocrx_word' id='word_1_113' title='bbox 104 2087 256 2130; x_wconf 73' lang='lat' dir='ltr'><strong>chiam</strong></span> <span class='ocrx_word' id='word_1_114' title='bbox 288 2089 554 2144; x_wconf 78' lang='lat' dir='ltr'><strong>Belgicam,</strong></span> <span class='ocrx_word' id='word_1_115' title='bbox 609 2100 704 2135; x_wconf 72' lang='lat' dir='ltr'><strong>tum</strong></span> <span class='ocrx_word' id='word_1_116' title='bbox 741 2095 788 2136; x_wconf 81' lang='lat' dir='ltr'><strong>in</strong></span> <span class='ocrx_word' id='word_1_117' title='bbox 826 2104 1207 2153; x_wconf 77' lang='lat' dir='ltr'><strong>praeparandam</strong></span> 
     </span>
     <span class='ocr_line' id='line_1_23' title="bbox 103 2169 1207 2231; baseline 0.014 -26"><span class='ocrx_word' id='word_1_118' title='bbox 103 2180 341 2207; x_wconf 55' lang='lat' dir='ltr'><strong>„sacrorum</strong></span> <span class='ocrx_word' id='word_1_119' title='bbox 380 2169 424 2209; x_wconf 79' lang='lat' dir='ltr'><strong>in</strong></span> <span class='ocrx_word' id='word_1_120' title='bbox 450 2170 613 2222; x_wconf 79' lang='lat' dir='ltr'><strong>patria</strong></span> <span class='ocrx_word' id='word_1_121' title='bbox 637 2179 797 2217; x_wconf 76' lang='lat' dir='ltr'><strong>nostra</strong></span> <span class='ocrx_word' id='word_1_122' title='bbox 823 2178 1175 2220; x_wconf 72' lang='lat' dir='ltr'><strong>emendacionem</strong></span> <span class='ocrx_word' id='word_1_123' title='bbox 1195 2210 1207 2231; x_wconf 93' lang='lat'><strong><em>‚</em></strong></span> 
     </span>
     <span class='ocr_line' id='line_1_24' title="bbox 106 2239 1204 2306; baseline 0.016 -25"><span class='ocrx_word' id='word_1_124' title='bbox 106 2239 173 2282; x_wconf 78' lang='lat' dir='ltr'><strong>cui</strong></span> <span class='ocrx_word' id='word_1_125' title='bbox 200 2241 432 2299; x_wconf 85' lang='lat' dir='ltr'><strong>symbolum</strong></span> <span class='ocrx_word' id='word_1_126' title='bbox 464 2277 474 2287; x_wconf 92' lang='lat'><strong>.</strong></span> <span class='ocrx_word' id='word_1_127' title='bbox 493 2274 506 2286; x_wconf 83' lang='grc'><strong>.</strong></span> <span class='ocrx_word' id='word_1_128' title='bbox 525 2277 534 2288; x_wconf 91' lang='grc'><strong>.</strong></span> <span class='ocrx_word' id='word_1_129' title='bbox 553 2278 563 2289; x_wconf 91' lang='grc'><strong>.</strong></span> <span class='ocrx_word' id='word_1_130' title='bbox 585 2276 596 2289; x_wconf 93' lang='grc'><strong>.</strong></span> <span class='ocrx_word' id='word_1_131' title='bbox 628 2263 715 2289; x_wconf 81' lang='lat' dir='ltr'><strong>non</strong></span> <span class='ocrx_word' id='word_1_132' title='bbox 747 2250 1103 2306; x_wconf 76' lang='lat' dir='ltr'><strong>Refbrmationis</strong></span> <span class='ocrx_word' id='word_1_133' title='bbox 1125 2263 1204 2300; x_wconf 80' lang='lat' dir='ltr'><strong>cet.</strong></span> 
     </span>
     <span class='ocr_line' id='line_1_25' title="bbox 111 2315 1206 2388; baseline 0.017 -31"><span class='ocrx_word' id='word_1_134' title='bbox 111 2315 211 2359; x_wconf 77' lang='lat' dir='ltr'><strong>Cum</strong></span> <span class='ocrx_word' id='word_1_135' title='bbox 250 2332 345 2362; x_wconf 83' lang='lat' dir='ltr'><strong>vero</strong></span> <span class='ocrx_word' id='word_1_136' title='bbox 378 2318 419 2362; x_wconf 88' lang='lat' dir='ltr'><strong>in</strong></span> <span class='ocrx_word' id='word_1_137' title='bbox 458 2320 694 2367; x_wconf 76' lang='lat' dir='ltr'><strong>schismatis</strong></span> <span class='ocrx_word' id='word_1_138' title='bbox 730 2323 902 2377; x_wconf 79' lang='lat' dir='ltr'><strong>historia</strong></span> <span class='ocrx_word' id='word_1_139' title='bbox 950 2332 1206 2388; x_wconf 65' lang='lat' dir='ltr'><strong>enarranda,</strong></span> 
     </span>
    </p>
   </div>
  </div>
 </body>
</html>
