1492 2896
317 281 372 326 123
419 281 459 326 J.
480 281 527 326 L.
547 281 590 324 C.
606 278 961 325 SCHROEDER
973 291 1073 323 vAN
1090 294 1187 323 nnn
1200 277 1360 325 KOLK

315 422 683 468 diversissimorum
700 420 911 464 Cultorum
941 420 985 463 in
1010 420 1093 464 hoc
1118 420 1225 463 festo
1243 418 1415 478 conspi-

317 516 435 544 cuam
462 501 504 542 in
518 499 740 544 Oratione:
764 500 832 542 De
857 500 1063 539 naturali
1080 499 1163 540 illa
1179 499 1417 539 doctrina-

317 593 418 618 rum
440 579 746 630 conjunctione
765 572 1094 630 eloquentissime
1111 579 1151 617 et
1163 579 1310 617 ornate
1326 579 1414 616 tum

315 651 515 711 expressit
534 658 675 696 noster
693 650 892 708 ‘egregius
917 650 1092 707 Collega
1106 648 1145 693 H
1160 664 1181 693 e
1193 664 1221 693 u
1235 664 1255 693 s
1268 649 1359 693 diu
1372 663 1392 692 s
1407 680 1420 702 ‚

312 729 428 785 cujus
459 718 671 772 Orationis
697 727 868 779 merita,
899 726 933 770 si
956 740 1125 785 possem
1142 758 1153 778 ,
1184 725 1253 770 hic
1280 726 1418 770 reser-

309 821 356 850 se
372 838 383 858 ‚
414 821 572 849 summa
599 805 683 848 Viri
706 805 854 862 optimi
882 811 991 848 vetat
1015 803 1232 848 modestia.

369 882 455 926 Sed
483 891 648 940 tempus
674 897 738 924 me
765 887 899 933 vetat,
930 881 1048 938 plura
1078 879 1129 923 de
1161 878 1284 934 hujus
1324 879 1420 925 festi

309 958 571 1003 solemnitate
608 972 959 1011 commemorare,
1005 970 1257 1012 quamq-uam
1292 962 1416 1008 sunt,

310 1051 416 1093 quae
452 1050 504 1080 ne
546 1036 674 1079 verbo
713 1035 881 1091 quidem
926 1033 1065 1091 attigi,
1114 1040 1238 1089 atque
1278 1039 1417 1076 tamen

309 1113 547 1170 dignissima
577 1120 698 1165 sunt,
732 1127 838 1169 quae
878 1110 1124 1162 tradantur,
1153 1117 1277 1166 atque
1308 1123 1416 1166 pos-

311 1190 463 1234 teritati
504 1190 810 1248 praedicentur.
845 1211 894 1220 -—
938 1188 1068 1231 Refer
1104 1187 1186 1230 huc
1223 1185 1413 1245 inprimis

310 1266 610 1310 solemnitatem
638 1266 724 1322 ejus
759 1264 865 1317 diei,
885 1279 969 1322 quo
991 1271 1090 1308 octo
1111 1263 1420 1316 Juvenes,exi-
1474 1320 1478 1323 ,

308 1343 380 1386 mii
416 1343 537 1399 hujus
565 1343 816 1387 Academiae
842 1340 1017 1392 alumni,
1049 1340 1116 1384 alii
1143 1339 1300 1384 inaliis
1325 1339 1415 1383 dis-

307 1420 469 1479 ciplinis
510 1420 764 1464 Doctoratus
792 1418 922 1476 gradu
960 1432 1076 1460 more
1104 1416 1312 1473 Majorum
1340 1430 1416 1459 or·-

309 1498 397 1541 nati
427 1498 614 1552 suerunt3
646 1496 753 1539 inter
781 1510 886 1552 qnos
920 1494 1043 1538 fuisse
1073 1494 1289 1550 utriusque
1314 1492 1415 1537 Col-

307 1575 423 1631 legae
444 1573 582 1618 Suet·
597 1590 633 1616 m
651 1572 776 1616 anni
813 1580 851 1616 et
879 1570 1114 1615 Heusdii
1150 1570 1255 1613 lilios
1285 1569 1415 1614 vehe-

307 1658 470 1694 menter
503 1651 751 1707 gandcmus‚
782 1649 942 1704 illisque
975 1648 1077 1691 tales
1104 1646 1235 1700 filios,
1267 1653 1414 1705 pater·-

310 1744 386 1773 nae
418 1728 571 1786 gloriae
596 1728 778 1770 aemulos
795 1758 805 1778 ‚
825 1724 1018 1782 gratulati
1037 1738 1193 1767 sumus.
1217 1746 1272 1756 ·-
1294 1722 1416 1778 Adde

310 1805 568 1865 splendidam
618 1803 850 1847 Juventutis
892 1801 1168 1845 A'cadcmicae
1213 1814 1415 1859 pompam

309 1883 517 1940 Principis
547 1881 714 1926 Auriaci
744 1879 1000 1924 Mauritii
1032 1877 1287 1937 triumphum
1318 1884 1415 1936 post

306 1960 580 2004 immortalem
603 1959 844 2010 victoriam,
873 1957 1144 2010 referentem3
1176 1963 1262 1999 tum
1288 1953 1415 1998 nobi-

309 2036 507 2080 lissimam
534 2037 645 2080 illam
678 2035 890 2091 utriusque
919 2049 1040 2077 sexus
1074 2040 1197 2089 atque
1231 2031 1413 2074 omnium

313 2114 530 2166 ordinum,
561 2114 669 2159 inter
701 2127 806 2168 quos
830 2112 919 2169 ipse
948 2110 1150 2166 Princeps
1182 2106 1414 2157 Annaeus,

312 2192 381 2248 qui
418 2207 490 2237 sua
527 2189 758 2249 praesentia
800 2187 1050 2232 Academiae
1091 2186 1236 2229 festum
1277 2184 1448 2226 l'zono-'

312 2284 404 2313 rare
443 2268 587 2317 voluit,
621 2265 983 2323 congregationem
1014 2263 1057 2305 in
1091 2262 1245 2319 templo
1285 2260 1418 2304 Jaco-

315 2347 356 2392 hi
374 2378 384 2398 ,
439 2345 511 2389 ubi
542 2343 645 2386 mira
682 2342 879 2386 suavitate
925 2354 1143 2382 nervorum
1187 2350 1415 2392 vocumque
