1492 2896
274 266 317 292 12
514 255 1150 297 INTRODUCTIO.

270 372 334 409 per
364 369 418 398 est
449 362 732 401 accuratissima.
790 363 900 402 Pedes
932 364 1024 402 enim
1043 393 1055 411 .‚
1083 366 1258 414 nervique
1292 369 1362 406 ala-

269 441 347 466 rum
381 439 455 466 non
487 429 576 468 satis
607 438 773 468 accurate
806 431 974 468 delineati
1008 441 1120 479 sunt,
1172 441 1207 471 et
1243 433 1362 473 minus

266 498 371 535 etiam
396 499 519 547 palpi‚
551 499 689 546 quibus
721 508 798 537 tota
821 499 950 537 nititur
982 500 1068 538 haec
1104 502 1360 551 classificati03

265 569 460 605 nonnullae
492 570 590 606 :adeo
634 569 773 616 species
790 596 803 615 ,
831 568 931 605 falsis
960 568 1156 607 instructae
1188 579 1276 610 sunt
1301 581 1364 610 an-

265 638 398 676 tennis.
455 638 652 687 Temporis
682 649 831 686 quoque
852 638 1036 685 propositi
1067 638 1269 686 brevitate,
1295 639 1363 677 im-

263 706 411 754 peditus
431 718 511 744 sum
538 707 738 754 quominus
758 708 842 746 huic
863 710 964 756 operi
984 738 996 757 ,
1022 721 1127 757 quam
1149 718 1330 759 optassem
1346 741 1359 761 ,

262 777 504 824 impenderem
538 788 676 816 curam.

309 847 491 885 Utilitatis
528 860 661 896 causa,
690 850 783 887 duos
822 849 966 888 confeci
1004 851 1218 900 catalogos,
1247 861 1360 890 unum

260 917 459 955 secundum
495 918 658 956 ordinem
689 919 893 958 tabularum
913 948 926 967 ,
952 921 1151 958 secundum
1193 920 1356 959 ordinem

260 995 430 1034 generum
468 987 634 1026 alterum.
686 988 727 1025 In
762 989 910 1036 primo,
945 990 1173 1027 Crameri
1212 989 1359 1027 nomina

259 1056 420 1103 retinui,
460 1058 612 1107 ejusque
658 1057 910 1096 definitionem
948 1070 1088 1105 sexus,
1137 1058 1268 1096 additis
1305 1066 1358 1096 ta-

259 1136 341 1163 men
377 1127 531 1165 aliorum
565 1135 756 1165 auctorum
794 1128 1036 1173 nominibus,
1077 1138 1200 1174 qu08‚
1238 1127 1358 1165 brevi-

257 1195 343 1232 tatis
383 1207 519 1243 causa,
572 1206 710 1235 tantum
748 1197 785 1234 in
820 1198 965 1234 nomine
1000 1196 1176 1244 specifico
1221 1197 1356 1234 discre-

257 1273 385 1311 pantes
420 1264 556 1312 citavi;
586 1265 695 1303 simul
723 1265 827 1303 etiam
846 1294 859 1313 ,
889 1274 1069 1314 quatenus
1105 1266 1193 1303 mihi
1218 1277 1356 1314 oppor-

256 1333 392 1371 tunitas
426 1333 522 1384 fuit,
571 1335 660 1372 vitia
702 1335 951 1373 deiineationis
990 1344 1025 1373 et
1068 1335 1352 1383 descriptionis,

253 1402 384 1440 additis
417 1403 749 1450 annotationibus,
805 1404 963 1442 correxi.
1031 1404 1073 1441 In
1113 1405 1226 1442 altero
1266 1415 1351 1443 vero

254 1473 419 1520 catalogo
438 1501 451 1520 ,
475 1473 625 1511 nomina
654 1474 878 1512 Crameri
915 1474 1073 1518 mutavi,
1114 1475 1224 1512 multa
1258 1473 1349 1511 enim

256 1540 445 1579 manifeste
470 1541 560 1580 falsa
585 1553 697 1590 sunt,
726 1555 796 1591 qua
833 1543 868 1580 in
905 1555 942 1580 re
966 1551 1114 1581 secutus
1151 1555 1231 1580 sum
1262 1543 1351 1581 Go-

252 1609 460 1648 dartium
495 1611 532 1648 in
564 1612 747 1659 Dim-nis,
794 1613 832 1650 in
876 1611 1006 1649 ceteris
1050 1623 1137 1648 vero
1185 1611 1350 1649 Fabri-

252 1680 409 1726 cium,
461 1680 531 1718 nisi
569 1681 761 1729 peculiaris
797 1682 938 1719 adesset
962 1692 1069 1718 causa
1099 1691 1165 1717 cur
1198 1680 1242 1718 ab
1273 1679 1346 1718 illis

250 1749 504 1797 dissentirem,
535 1750 619 1798 quia
644 1751 731 1788 mihi
757 1759 937 1798 praestare
967 1750 1182 1796 videbatur,
1210 1760 1345 1796 unum,

249 1831 357 1866 quam
387 1821 498 1858 modo
535 1821 631 1858 hunc
666 1821 776 1858 modo
809 1820 911 1857 illum
940 1819 1062 1866 sequi.
1105 1819 1342 1857 Characteres

247 1898 366 1928 autem
405 1901 600 1938 generum,
641 1898 818 1938 quantum
854 1889 989 1937 potui,
1031 1900 1078 1925 ex
1112 1899 1224 1936 opere
1260 1887 1344 1925 La-

248 1969 261 1996 t
275 1960 453 1998 reillii:
479 1972 618 2010 genera
631 1959 757 1997 Crust.
779 1968 813 1996 et
835 1959 915 1996 Ins.
932 1957 1101 2005 restitui,
1120 1957 1203 2004 quia
1225 1956 1263 1994 in
1287 1956 1342 1992 ul-

245 2030 335 2067 timo
348 2042 418 2068 suo
433 2042 543 2079 opere
559 2058 572 2077 ,
595 2029 706 2067 nimia
723 2028 898 2066 brevitate
916 2054 929 2075 ,
944 2038 1053 2075 saepe
1077 2026 1257 2063 obscurus
1271 2032 1341 2062 est.

297 2100 348 2137 Et
380 2100 467 2137 haec
503 2100 648 2147 quidem
664 2112 680 2145 ‚·
704 2099 757 2137 V.
784 2098 835 2136 V.
863 2099 911 2136 C.
942 2097 1019 2144 C.,
1057 2095 1144 2133 mihi
1177 2105 1342 2143 praemo-

246 2171 361 2207 nenda
396 2169 638 2216 videbantur,
681 2180 756 2217 quo
798 2168 924 2206 melius
962 2165 1132 2214 opusculi
1160 2163 1231 2201 mei
1255 2174 1342 2212 pro-

244 2239 408 2286 positum
445 2250 554 2288 atque
590 2239 719 2286 ratio,
763 2248 796 2276 ct
846 2236 1028 2284 perspici,
1081 2243 1116 2272 et
1154 2233 1343 2283 dijudicari

242 2318 413 2354 possent.

1250 2371 1335 2411 CA-
