1492 2896
279 251 325 287 30
679 242 995 292 Disomsl‘rio

277 350 400 399 possit
423 349 504 398 (ι).
570 349 706 388 Harum
746 350 858 399 igitur
894 360 1022 390 natura
1060 353 1178 400 qualis
1213 365 1292 392 esse
1324 356 1387 394 de·

276 421 385 467 beat,
419 417 565 468 egregie
593 420 680 457 item
707 420 914 459 docuerunt
940 421 1098 470 antiqui.
1151 423 1211 460 Ad
1237 432 1388 463 naturae

276 501 411 540 nempe
422 491 537 539 legem
554 502 613 528 eas
627 492 955 529 accommodandas
970 503 1050 529 esse
1063 501 1286 532 statuerunt.
1300 493 1385 543 (2).

278 561 420 609 „Ergo
457 570 501 599 ut
535 561 596 599 illa
632 561 756 599 divina
794 572 896 599 mens
933 573 1074 599 summa
1108 563 1167 600 lex
1192 571 1275 611 est;
1305 563 1388 612 ita,

275 642 360 668 cum
385 631 423 668 in
449 630 597 668 homine
634 639 716 677 est,
755 630 917 679 perfecta
949 640 1005 669 est
1033 631 1070 668 in
1098 639 1218 669 mente
1241 632 1388 681 sapien-

277 702 340 739 tis.
389 701 494 750 Quae
519 710 606 739 sunt
631 706 748 739 autem
779 702 879 740 varie
904 712 939 740 et
963 703 1008 740 ad
1033 712 1180 750 tempus
1204 703 1388 752 descripta

278 771 458 819 populis,
504 771 631 808 favore
671 763 801 820 magis'
829 784 938 818 quam
978 783 1047 818 re,
1095 774 1218 820 legum
1253 784 1388 812 nomen

277 839 428 878 tenent”
451 840 537 890 (3).
590 841 722 889 Itaque
756 841 879 879 divina
916 842 975 879 illa
1010 842 1102 880 ratio
1138 853 1223 880 cum
1257 852 1314 881 est
1349 843 1388 881 in

279 909 441 947 hominis
469 919 589 948 mente
613 910 829 949 confirmata
857 921 893 949 et
918 912 1105 958 confecta,
1133 914 1317 952 hominum
1329 915 1388 952 lex

278 988 334 1018 est
354 980 438 1028 (4).
495 981 603 1027 „Est
639 981 734 1019 enim
771 982 864 1018 ratio
893 993 1070 1030 mensque
1106 983 1311 1030 sapientis,
1341 984 1387 1021 ad

274 1050 478 1099 jubendum
522 1060 557 1088 et
594 1051 639 1089 ad
678 1052 932 1090 deterrendum
968 1052 1125 1089 idonea’'
1152 1052 1246 1101 (5);
1284 1053 1388 1099 quod

279 1129 377 1158 recte
418 1121 524 1158 etiam
559 1121 822 1168 pronunciavit
861 1122 1058 1169 aliquando
1090 1122 1387 1168 Demosthenes,

280 1202 395 1238 quum
430 1191 594 1228 diceret:
653 1196 777 1236 „1qu
821 1193 896 1232 ἐστὶ
936 1193 1036 1239 νόμος
1073 1191 1209 1241 εὕρημα
1237 1193 1303 1239 μὲν
1327 1193 1388 1231 καὶ

278 1263 378 1309 δῶρον
393 1263 471 1301 θεῶν
485 1288 497 1306 ‚
519 1263 639 1309 δόγμα
654 1263 683 1302 δ’
699 1263 880 1310 ἀνθρώπων
893 1264 1092 1311 φρονίμων,
1113 1262 1340 1310 ἐπανόρθωμα
1351 1264 1389 1302 δὲ

278 1335 345 1370 τῶν
370 1332 533 1372 ἑκουσίων
557 1332 616 1371 καὶ
654 1333 825 1371 ἀκουσίων
858 1333 1153 1380 ἁμαρτημάτων,
1190 1331 1325 1376 πόλεως
1352 1333 1389 1372 δὲ

278 1402 426 1445 cundum?
459 1403 577 1447 κοινὴ,
612 1403 691 1441 Μεθ’
723 1401 761 1446 ἤν
787 1405 878 1441 πᾶσι
911 1403 1069 1450 προςήκει
1100 1402 1162 1451 ζῇν
1185 1408 1257 1446 τοῖς
1283 1402 1319 1441 ἐν
1343 1408 1388 1450 τῇ

277 1469 406 1511 πόλει”
426 1471 510 1520 (6).
564 1470 690 1518 Quum
721 1471 833 1517 igitur
861 1479 1010 1508 naturae
1035 1471 1093 1508 lex
1120 1471 1223 1517 quod
1242 1471 1386 1519 Justum

278 1540 494 1587 bonumque
525 1549 579 1577 est
608 1549 772 1588 spectare
801 1541 872 1577 dici
895 1541 1053 1587 debeat,
1082 1549 1124 1578 ut
1149 1541 1306 1578 divinam
1332 1552 1389 1577 re-

281 1610 402 1648 ferens
435 1611 611 1658 originem
633 1638 645 1655 ‚
692 1611 790 1657 leges
827 1610 864 1646 in
898 1609 1047 1646 civitate
1076 1610 1125 1646 ita
1155 1609 1201 1646 ad
1235 1616 1386 1646 naturae

1337 1679 1389 1716 le-

321 1762 367 1801 (1)
396 1760 560 1790 Demosth.
583 1772 622 1799 ap
645 1760 739 1791 Stob.
767 1754 866 1790 Sir-m.
887 1760 938 1790 41.
964 1771 998 1798 p.
1017 1771 1089 1801 270.

321 1821 367 1858 (2)
394 1820 563 1858 Sophistae
598 1824 699 1849 tamen
737 1819 785 1848 uti
821 1819 977 1859 justitiam
1013 1820 1052 1851 ’τῇ
1094 1818 1157 1851 τοῦ
1195 1818 1387 1859 κρείττονας

278 1875 446 1919 συμφέρον
468 1878 604 1906 definire
629 1877 793 1913 solebant,
815 1876 860 1905 ita
874 1876 1109 1916 distinguebant
1122 1886 1252 1915 quoque
1265 1876 1385 1916 Legem

277 1931 362 1960 inter
389 1935 420 1960 et
450 1932 630 1961 Naturam.
673 1929 798 1969 Vulgus
822 1940 934 1968 nempe
961 1929 1123 1959 hominum
1144 1929 1226 1969 leges
1247 1927 1384 1957 sanxisse

277 1983 451 2020 dicebant,
478 1984 594 2023 quibus
629 1984 758 2023 quaevis
802 1983 1029 2021 prohiberetur
1062 1982 1201 2022 injuria;
1239 1985 1383 2010 naturam

275 2047 352 2066 vero
366 2027 603 2066 robustioribus
625 2042 658 2066 et
682 2037 873 2066 fortioribus
902 2037 1004 2065 omnia
1028 2035 1217 2065 concessisse
1242 2038 1274 2062 et
1297 2032 1383 2063 vali-

276 2090 421 2120 dioribus
451 2092 503 2129 jus
532 2090 654 2119 dedisse
681 2089 859 2128 imperandi
886 2089 1173 2125 imbecillioribu55
1199 2090 1382 2126 argumento

277 2144 410 2173 Platone
430 2144 462 2172 in
489 2146 590 2185 Gorg.
613 2154 644 2181 p.
667 2144 739 2174 482.
767 2142 807 2172 Ε,
827 2154 899 2182 sqq.

319 2197 364 2238 (3)
390 2198 459 2227 Cic.
483 2199 519 2227 de
534 2199 632 2235 Legg.
656 2195 733 2225 Lib.
759 2196 805 2226 11.
828 2206 856 2226 c.
877 2195 906 2225 5.

317 2251 366 2290 (4)
390 2251 459 2280 Cic.
482 2250 542 2279 l.1.
565 2249 641 2278 Lib.
663 2251 689 2278 1.
714 2259 742 2278 c.
764 2251 815 2285 6.,
841 2249 879 2276 ad
901 2259 933 2288 q.
955 2249 978 2277 1.
999 2247 1087 2277 vidd.
1111 2247 1319 2284 Interpretes.

318 2304 363 2343 (5)
389 2304 457 2333 Cic.
479 2304 500 2331 l.
516 2303 538 2332 Ι.
560 2303 636 2331 Lib.
659 2302 705 2332 ΙΙ.
727 2313 754 2331 c.
777 2303 807 2331 4.

318 2358 364 2398 (6)
392 2357 556 2388 Domosth.
581 2358 672 2387 Orat.
696 2357 721 2387 I.
749 2358 871 2386 coms-2:
892 2355 1072 2395 Aristogit.
1094 2365 1125 2392 p.
1148 2354 1218 2395 774.
