1492 2896
299 241 686 285 PHILOSOPHICO
699 264 716 271 -
733 238 1042 279 HISTORICA.
1163 228 1234 282 16⁷3

125 357 264 407 quippe
289 365 367 394 non
395 365 466 393 una
491 353 676 402 amplius,
712 359 753 388 ut
781 349 867 387 olim
885 379 897 395 ,
935 349 997 386 sed
1031 347 1067 383 in
1099 346 1231 382 multas

122 435 243 478 partes
273 425 461 464 distracta.
522 424 601 461 Imo
633 421 749 460 divisa
781 429 925 468 poterat
952 418 1023 456 dici
1050 417 1086 453 in
1114 415 1230 453 varias

122 497 318 543 κοινωνίαις,
345 494 567 540 societates,
603 491 859 539 respublicas,
888 488 957 526 sibi
985 488 1140 524 invicem
1164 484 1232 520 {nia

122 565 235 604 micas
264 573 300 602 et
335 564 512 601 adversus
546 574 586 600 se
611 562 765 599 invicem
792 559 878 596 alias
909 567 1035 605 gentes
1058 557 1234 592 invocan-

123 635 206 675 tes’?
225 635 309 685 (1).
364 635 453 672 Non
486 633 580 670 enim
616 631 758 668 Romae
789 638 961 674 tantum,
992 627 1058 663 sed
1083 625 1120 662 iu
1146 637 1233 672 pzo-

121 705 256 748 vinciis
290 705 396 742 etiam
435 705 571 741 multae
608 700 790 738 factiones
813 697 1145 742 altercationesque
1172 706 1234 731 ex-

122 775 326 822 sistebant,
354 785 468 822 quum
498 782 713 820 suspectum
741 770 929 818 plerisque
953 775 1050 805 esset
1075 765 1234 806 Senatus

119 845 331 895 Populique
367 844 588 892 imperium,
634 843 682 879 ob
719 840 915 879 certamina
956 835 1163 885 potentium
1198 842 1235 870 ct

121 916 309 955 avaritiam
346 913 654 962 magistratuum3
701 909 862 948 invalido
903 910 1023 956 legum
1068 904 1234 946 auxilio,

123 997 218 1033 quae
235 985 296 1031 vi,
315 984 479 1030 ambitu,
505 991 693 1031 postremo
715 979 870 1028 pecunia
887 977 1129 1016 turbabantur
1146 974 1234 1023 (α).

124 1054 280 1093 Tantam
312 1061 432 1090 autem
468 1053 583 1089 labem
621 1063 734 1098 quum
764 1049 897 1098 populi
926 1047 1086 1085 Romani
1114 1055 1238 1083 mores

123 1123 421 1169 contraxissent,
444 1122 554 1159 simul
580 1121 684 1158 etiam
708 1118 918 1168 degenerari
940 1116 1149 1155 necessario
1175 1115 1237 1151 de-

124 1194 208 1233 buit
238 1190 450 1242 eloquentia
475 1191 635 1229 forensis
666 1201 700 1227 et
733 1190 840 1227 altrix
867 1188 1018 1226 evadere
1044 1185 1238 1223 turbulen-

124 1274 242 1303 tarum
273 1265 312 1302 in
337 1263 488 1301 civitate
516 1261 735 1299 factionum.
789 1258 997 1300 Audiamus
1034 1267 1128 1302 quae
1164 1262 1237 1290 tam

123 1336 304 1384 eleganter
334 1334 401 1372 hac
435 1333 480 1370 de
513 1343 551 1368 re
577 1331 621 1368 ab
647 1332 814 1368 Auctore
841 1327 998 1376 Dialogi
1024 1324 1239 1361 {leot-ato-

123 1404 225 1443 ribus
259 1404 475 1442 traduntur:
534 1402 645 1450 „Jam
680 1411 766 1437 vero
803 1397 1004 1435 conciones
1039 1395 1236 1438 adsiduae,

123 1486 158 1513 et
187 1475 312 1512 datum
342 1474 403 1522 jus
430 1470 730 1520 potentissimum
758 1479 944 1516 quemque
971 1464 1155 1508 vexandi,
1185 1473 1238 1499 at-

125 1556 200 1594 que
228 1543 308 1592 ipsa
339 1541 608 1580 inimicitiarum
637 1542 779 1587 gloria,
810 1539 915 1587 (cum
944 1547 983 1572 se
1009 1532 1157 1582 plurimi
1181 1531 1239 1567 di-

123 1623 307 1653 sertorum
333 1623 378 1650 ne
399 1624 418 1649 a
440 1613 481 1650 P.
504 1611 650 1658 quidem
679 1608 885 1656 Scipione,
917 1615 979 1643 aut
1009 1605 1110 1643 Sulla
1127 1631 1139 1648 ‚
1174 1610 1236 1639 aut

125 1685 200 1723 Cn.
224 1684 426 1731 Pompnjo,
452 1680 703 1723 abstinerent,
736 1688 771 1715 et
794 1678 838 1715 ad
863 1675 1102 1716 incessendos
1135 1673 1237 1720 prin-

123 1754 226 1803 cipes
249 1753 350 1792 viros
366 1780 380 1800 ,
406 1761 446 1789 ut
477 1760 532 1788 est
557 1759 684 1787 natura
711 1747 870 1785 invidiae
886 1774 898 1793 ‚
926 1744 1057 1793 populi
1084 1750 1238 1790 quoque

125 1821 392 1862 adrectioribus
426 1821 576 1859 auribus
613 1816 824 1863 uterentur)
860 1825 1038 1863 quantum
1069 1812 1234 1849 ardorem

121 1891 309 1941 ingeniis,
335 1901 430 1936 quos
457 1888 667 1926 oratoribus
694 1886 792 1923 faces
817 1882 1088 1922 admovebant!
1146 1881 1239 1919 Non

126 1963 170 2000 de
195 1961 318 1999 otiosa
342 1968 379 1997 et
405 1959 529 2007 quieta
557 1968 597 1996 re
623 1957 840 2004 loquimur,
876 1964 910 1991 et
938 1965 1030 2002 quae
1054 1951 1240 2001 probitate

129 2041 166 2070 et
197 2029 375 2069 modestia
406 2030 580 2078 gaudeat:
610 2027 674 2064 sed
703 2036 758 2064 est
786 2036 914 2073 magna
937 2026 1007 2062 ista
1029 2033 1064 2061 et
1090 2023 1238 2060 notabi-

127 2102 175 2140 lis
199 2099 438 2148 eloquentia,
468 2100 612 2136 alumna
635 2097 828 2143 licentiae,
859 2107 968 2144 quam
997 2096 1103 2133 stulti
1130 2095 1241 2132 liber·

128 2179 236 2209 tatem
265 2169 468 2216 vocabant,
491 2179 618 2206 comes
643 2167 892 2214 seditionum,
919 2165 1085 2207 effrenati
1108 2164 1244 2213 populi.
1305 2182 1308 2186 ·

1187 2248 1194 2272 1
1200 2248 1247 2275 lle.

175 2309 220 2347 (1)
245 2308 294 2338 lta
316 2308 366 2338 Cl.
392 2320 420 2338 v.
446 2307 570 2336 Heusdc
587 2328 595 2343 ,
619 2307 733 2337 Diatr.
756 2317 784 2346 [i.
809 2308 856 2336 (iu,

176 2362 223 2399 (⁷.)
246 2360 351 2391 Tacit.
373 2362 500 2392 Amal.
523 2361 596 2390 Lib.
625 2362 647 2389 1.
672 2372 697 2389 c.
724 2372 753 2395 2,
