1492 2896
220 281 290 317 ιω
612 258 929 308 DISQUISITIO

223 375 284 416 vel
308 375 359 411 sic
388 382 505 409 tamen
531 368 726 408 desiderari
753 377 974 415 magnopere
999 365 1152 413 pontica
1177 364 1212 400 in
1243 364 1338 411 ejus-2

225 445 325 492 modi
354 442 502 480 civitate
531 441 680 477 iibertas
710 438 844 485 possit.
898 436 1039 473 Mirum
1068 436 1210 481 quidem
1240 435 1338 476 istud

226 513 346 563 primo
371 512 508 549 obtutu
533 510 727 554 videatur3
771 507 836 543 sed
863 515 982 542 tamen
1009 514 1064 543 est
1093 504 1339 542 verissimum.

226 567 405 632 Scilicet,
446 578 521 617 nisi
555 578 616 626 qui
649 579 770 625 legum
805 584 975 612 exercent
998 575 1223 611 voluntatem
1252 573 1342 609 boni

226 660 339 698 atque
369 649 461 699 justi
504 659 626 685 amore
662 646 801 683 incensi
838 646 942 690 sint,
979 643 1161 691 desperari
1186 643 1340 680 omnino

227 721 272 759 de
300 719 436 766 civium
475 718 643 754 libertate
681 717 782 755 licet.
843 715 914 753 Est
954 714 1047 751 enim
1086 713 1158 749 hoc
1193 723 1338 749 summo

227 789 352 836 studio
378 787 522 827 civitati
551 787 750 830 videndum
769 814 781 832 ‚
815 795 855 822 ut
883 784 1116 832 magistratus
1137 782 1268 820 habeat
1289 791 1343 819 at-

229 870 303 907 que
330 857 501 907 iudices,
539 855 623 904 ipso
653 856 845 905 justitiae,
878 865 945 891 ncc
980 865 1070 891 vero
1096 853 1153 890 sui
1177 861 1239 890 aut
1261 863 1345 901 par-

229 930 320 975 tium
352 927 477 968 studio
510 926 546 964 in
578 925 690 964 rebus
728 925 903 963 civiiibus
942 923 1158 961 dirimendis
1191 923 1342 962 ductos.

229 999 312 1037 Nec
349 998 483 1035 horum
521 1006 686 1042 tantum,
717 996 781 1033 sed
816 994 981 1032 omnium
1010 993 1180 1032 universe
1203 1004 1346 1036 summa

229 1077 286 1107 est
311 1067 453 1113 civitati
478 1079 564 1104 cura
591 1066 746 1114 gerenda
763 1094 776 1112 ‚
805 1074 845 1102 ut
870 1063 1086 1101 educatione
1107 1061 1344 1111 potissimum

227 1137 438 1187 Juventntis
468 1146 504 1175 et
528 1137 649 1173 bonos
675 1135 846 1173 homines
871 1143 907 1171 et
934 1134 1057 1177 bonos
1081 1132 1182 1170 cives
1204 1131 1345 1169 efficere

231 1217 416 1253 conetur,
446 1215 488 1243 ut
511 1205 774 1252 unusquisque
799 1205 937 1242 civium
963 1214 1029 1241 sua
1052 1211 1186 1249 sponte
1210 1200 1318 1239 faciat
1334 1229 1346 1247 ‚

233 1278 335 1324 quod
376 1277 494 1314 facere
525 1276 742 1323 ceteroquin
779 1283 932 1321 cogatur
965 1272 1127 1319 legibus.
1203 1271 1347 1310 Paucos

233 1347 330 1393 euim
373 1345 519 1396 legibus
557 1345 835 1391 obtemperare,
889 1342 982 1380 nihil
1015 1342 1129 1380 ferme
1165 1341 1345 1389 prodest,

236 1427 352 1464 quum
391 1416 441 1454 ita
479 1426 601 1463 neque
633 1423 749 1452 semet
776 1413 881 1461 ipsos
913 1423 1035 1459 neque
1067 1420 1210 1448 ceteros
1238 1410 1347 1448 etiam

236 1488 275 1524 in
299 1487 507 1524 libertatem
533 1484 717 1523 vindicare
750 1482 915 1531 possint.
968 1482 1108 1520 Cuncti
1135 1481 1211 1529 pari
1236 1480 1348 1518 modo

236 1557 274 1593 id
313 1555 447 1597 faciant
475 1562 653 1603 oportet,
691 1562 731 1590 ut
768 1552 924 1600 singulis
953 1552 990 1589 in
1021 1551 1172 1590 civitate
1198 1550 1351 1590 libertas,

228 1626 458 1670 vindicetur.
513 1623 659 1673 Quodsi
692 1632 732 1661 ea
771 1633 826 1659 est
858 1622 995 1658 civium
1032 1622 1235 1667 voluntas,
1275 1628 1347 1656 tarn

235 1706 350 1742 aequa
378 1695 499 1740 legum
537 1693 660 1738 ratio,
693 1702 763 1729 tarn
802 1700 963 1738 spectata
995 1690 1276 1738 magistratuum
1309 1701 1352 1726 ac

234 1766 399 1814 judicum
422 1763 597 1811 justitia,
628 1762 720 1799 nihil
747 1771 802 1798 est
834 1762 944 1799 nobis
981 1761 1195 1798 verendum.
1249 1759 1351 1801 Tum

243 1846 370 1881 omnes
416 1834 553 1882 pariter
599 1843 802 1881 provocare
838 1832 881 1876 ad
919 1833 1014 1878 leges
1050 1841 1251 1878 possumus
1286 1838 1354 1875 et,

243 1905 323 1941 sive
367 1903 430 1950 qui
475 1903 584 1940 laedit
628 1902 677 1939 sit
718 1901 855 1938 nobilis
899 1912 965 1938 seu
1002 1898 1168 1949 abjectus
1208 1900 1351 1945 homo,

243 1973 336 2020 nihil
372 1972 527 2019 attinet3
566 1973 766 2019 gaudemus
806 1970 944 2018 singuli
984 1981 1067 2008 vera
1103 1969 1205 2008 civili
1240 1969 1351 2006 liber-2

239 2053 327 2090 tate.

293 2113 380 2150 Fuit
414 2113 500 2155 haec
533 2123 640 2159 quam
677 2110 925 2160 praedicarent
951 2110 1093 2158 antiqui
1120 2108 1282 2147 omnium
1313 2108 1350 2145 in

240 2183 389 2227 civitate
415 2182 645 2228 aequalitas,
672 2192 765 2228 quae
793 2180 926 2218 iccirco
952 2192 1037 2217 cum
1067 2179 1145 2216 idea
1168 2177 1353 2218 libertatis.

241 2262 311 2290 tam
346 2260 444 2288 arcte
482 2259 556 2297 erat
590 2251 812 2299 conjuncta,
865 2258 905 2285 ut
944 2257 1098 2294 utraque
1138 2257 1212 2284 vox
1253 2246 1350 2283 haud

242 2333 322 2364 raro
361 2321 486 2367 eadem
526 2319 796 2368 significatione
838 2318 933 2366 apud
973 2325 1112 2358 veteres
1149 2316 1350 2364 scriptores

1244 2397 1352 2426 usust
