1492 2896
254 275 312 318 36
627 277 1014 326 ORATIO.

251 409 475 455 beneficiis.
539 411 607 455 Tu
635 413 768 466 enim,
801 427 895 458 cum
931 430 981 460 ex
1016 414 1164 459 illustri
1204 415 1380 460 Amste—

251 492 556 538 lodamensium
578 495 796 541 Athenaeo
837 497 919 541 huc
957 498 1230 556 trajeceram,
1270 512 1379 543 con-

250 576 367 623 tinuo
396 578 595 637 singulari
624 595 690 625 me
723 595 824 626 cura
857 597 901 628 es
926 590 1198 643 prosecutus,
1226 589 1271 627 tu
1294 581 1380 626 isto

249 675 317 704 me
358 660 491 716 vitae,
549 663 866 724 studiorumque
903 681 1092 713 meorum
1138 666 1380 712 discrimine

248 742 480 789 sustinuisti
523 753 563 789 et
604 747 843 792 consolatus
881 762 949 804 es,
995 756 1039 795 tu
1080 748 1379 794 amantissimis

249 826 451 887 deinceps
501 829 650 875 litteris
702 832 880 876 subinde
932 832 1032 879 mihi
1081 833 1301 894 profuisti,
1332 840 1380 877 tu

249 925 387 954 mcum
424 912 635 971 ingenium
671 929 756 959 non
795 923 979 971 tantum,
1012 917 1086 962 sed
1118 926 1159 962 et
1192 917 1380 963 animum

249 1000 470 1055 formasti,
503 1017 775 1065 amoremque
813 1019 912 1064 erga
943 1006 1081 1051 Deum
1108 1006 1137 1050 J
1148 1021 1380 1065 esumque

250 1082 554 1141 Christum,
597 1095 773 1146 paterna
799 1088 954 1144 domo,
985 1090 1198 1149 piissimae
1221 1091 1264 1134 iu
1282 1090 1379 1150 pri-

248 1166 328 1213 mis
367 1170 512 1214 matris
542 1170 799 1216 institutione
826 1180 866 1217 et
900 1173 1094 1232 exemplo
1125 1173 1378 1224 excitatum¹

250 1250 398 1296 aluisti.
461 1253 630 1299 Gratias
656 1255 807 1313 igitur,
839 1255 1090 1300 venerabilis
1114 1257 1262 1300 senex!
1293 1255 1377 1300 ite-

248 1349 427 1393 rumque
456 1337 613 1394 gratias.
647 1337 723 1383 tibi
753 1352 834 1398 ago
863 1354 989 1396 quam
1025 1339 1243 1384 maximas.
1324 1340 1376 1387 In.

247 1418 397 1481 primis
432 1427 594 1474 autem,
641 1436 735 1465 cum
779 1422 976 1467 omnibus
1011 1423 1093 1468 tuis
1133 1423 1379 1484 discipulis,

248 1501 344 1547 Deo
381 1503 543 1563 optimo
582 1506 764 1551 maximo
809 1507 966 1565 gratias
1015 1507 1200 1568 agimus,
1256 1511 1374 1568 quod

250 1593 291 1631 te
320 1587 574 1634 Academiae
604 1598 776 1638 nostrae
814 1592 1057 1651 patriaeque
1102 1593 1289 1648 dederit,
1320 1609 1376 1639 acx

248 1684 328 1729 per
360 1679 423 1716 tot
454 1687 586 1719 annos
619 1674 868 1720 incolumem
898 1677 1150 1731 servaverit,
1178 1678 1374 1737 Eumquev

248 1754 368 1799 enixe
403 1770 657 1814 precamur,
704 1766 748 1803 ut
789 1759 860 1803 diu
895 1760 973 1804 tibi
1011 1769 1213 1806 sustentet
1254 1762 1371 1807 illum

247 1838 401 1897 ingenii
432 1841 642 1899 animique
666 1843 879 1902 vigorem,
911 1860 994 1902 quo
1035 1845 1259 1905 singularia
1296 1854 1369 1894 tua·

249 1922 396 1968 merita
443 1926 583 1984 possis
637 1926 758 1970 etiam
809 1943 961 1987 augere>
1009 1937 1049 1973 et
1103 1929 1369 1989 amplificare.

251 2006 431 2061 Fruere,
475 2009 714 2055 Clarissime
748 2012 845 2057 Vir!
877 2021 949 2059 tuo
975 2015 1062 2058 otio
1091 2015 1195 2059 laete
1219 2023 1367 2073 grato-

254 2104 334 2145 que
370 2091 532 2146 ani'mo‚
578 2094 652 2139 sed
683 2095 741 2139 ita
769 2097 932 2150 fruere,
977 2105 1046 2151 ut,
1092 2098 1210 2155 quod*
1238 2098 1364 2154 facis,

251 2173 509 2233 Theologiae
544 2178 739 2223 studiosis
779 2181 982 2239 prodesse
1012 2197 1179 2240 pergas.
1272 2183 1365 2228 Hoc

253 2272 345 2305 meo
391 2274 474 2302 non
522 2269 704 2311 tantum,
752 2265 825 2308 sed·
881 2273 919 2310 et
975 2266 1123 2311 horum
1188 2267 1362 2326 amplis-
