1492 2896
361 231 1005 275 INTRODUCTIO.
1209 245 1280 283 5¹

126 345 518 396 Phalaenaprunaria
532 342 625 391 (1),
653 342 837 379 illunaria
862 340 937 389 (2.)
966 348 1091 386 ,cet.‚
1117 350 1230 389 prop-

127 425 184 454 ter
216 423 451 453 antennarum
477 410 743 457 differentiam
785 409 834 447 ita
869 420 1022 457 quoque
1045 409 1229 446 character

125 485 267 534 generis
299 483 446 533 Orgyae
482 481 550 531 (3)
588 489 728 518 tantum
766 478 811 517 ad
848 477 1002 516 feminas
1050 479 1225 527 pertinet.

121 554 166 592 In
197 552 324 591 multis
368 561 519 599 quoque
540 547 754 587 animalibus
786 548 1039 593 characteres,
1073 558 1142 594 pro
1166 557 1228 584 va·

123 622 176 660 ria
207 630 348 669 aetate,
373 620 507 659 diversi
535 626 651 664 sunt,
680 617 733 654 uti
767 616 804 654 in
838 616 1027 654 nonnullis
1056 627 1228 654 mamma-

87 688 91 690 ’
122 691 220 729 libus
250 699 286 729 et
318 691 490 729 universe
524 689 560 726 in
587 686 759 725 omnibus
783 685 960 732 insectis,
984 696 1077 733 quae
1115 693 1227 723 meta-

121 760 338 809 morphosin
367 759 542 797 subeunt.

172 831 297 868 Altera
332 827 438 867 etiam
475 835 531 868 est
567 827 780 872 difficultas,
821 826 922 873 quod
955 824 1119 865 diversae
1148 824 1226 863 for-

123 910 227 947 mae,
264 896 332 936 sub
367 897 504 946 quibus
538 897 702 935 animalia
741 902 961 942 occurrunt,
1005 894 1054 931 ita
1088 896 1223 932 sensim

122 978 160 1007 et
191 967 409 1016 pedetentim
445 967 483 1004 in
515 978 554 1004 se
584 965 740 1003 invicem
776 971 989 1011 transeunt,
1028 972 1070 1001 ut
1104 965 1224 1001 nullae

122 1048 244 1075 earum
266 1036 400 1074 limites
431 1034 582 1073 indicari
602 1035 770 1083 possint3
802 1034 902 1080 quod
929 1033 1042 1078 vulgo
1064 1032 1219 1071 dicitnr:

126 1133 150 1154 „
175 1107 336 1144 Natura
370 1105 487 1143 saltus
512 1116 582 1142 non
596 1103 763 1152 facit;”
791 1102 887 1140 unde
920 1102 1102 1148 quondam
1128 1112 1222 1139 non-

122 1174 214 1214 nulli
244 1182 476 1220 statuerunt‚
517 1184 597 1211 esse
628 1171 758 1210 seriem
804 1171 1049 1209 successivam
1087 1170 1222 1208 anima-

121 1245 212 1282 lium
231 1271 244 1291 ,
270 1244 315 1282 ab
339 1243 488 1281 homine
520 1243 564 1281 ad
600 1241 765 1279 animalia
801 1240 950 1285 infima3
980 1251 1072 1288 quae
1099 1249 1218 1277 tamen

124 1313 326 1359 sententia,
350 1313 421 1361 jam
446 1311 510 1350 diu
542 1310 735 1358 reprobata
760 1310 968 1359 rejectaque
992 1318 1063 1347 est.
1118 1310 1217 1348 Haec

122 1381 215 1420 enim
251 1383 397 1429 regula,
425 1381 478 1418 uti
506 1380 595 1418 aliae
627 1379 672 1417 ab
709 1379 859 1417 homine
882 1379 1134 1427 excogitatae,
1161 1378 1218 1427 ip·

121 1463 161 1489 sa
196 1450 338 1488 Natura
369 1449 548 1496 eluditur,
588 1457 624 1486 et
659 1449 756 1486 nulla
783 1449 863 1486 talis
893 1449 1066 1495 componi
1093 1457 1218 1496 potest

121 1523 263 1568 series,
297 1521 334 1557 in
371 1531 443 1567 qua
475 1520 596 1557 omnia
631 1519 813 1556 animalia
849 1519 972 1555 locum
1009 1529 1117 1556 suum
1155 1518 1216 1554 ha-

119 1591 243 1628 beant·
268 1611 319 1620 --
343 1589 496 1636 Propter
534 1596 696 1634 magnam
728 1586 840 1634 igitur
874 1586 1009 1623 hancce
1046 1585 1218 1622 similitu-

120 1660 262 1706 dinem,
300 1668 500 1706 possumus
530 1656 675 1703 quidem
707 1663 867 1703 systema
899 1646 1056 1701 facere,>
1083 1663 1118 1692 et
1151 1655 1216 1692 ali-

123 1739 213 1776 quas
244 1727 353 1765 citare
386 1726 526 1779 species
554 1725 630 1774 (uti
660 1726 774 1770 vulgo
800 1723 895 1771 fit),
919 1725 962 1761 de
988 1724 1123 1770 quibus
1147 1736 1215 1771 op-

119 1797 206 1835 time
238 1797 357 1833 valent
387 1794 528 1841 generis
566 1793 818 1838 characteres,
847 1792 911 1829 sed
930 1803 1078 1840 semper⁴
1106 1801 1213 1830 erunt

121 1866 284 1904 animalia
301 1875 392 1911 quae
414 1862 612 1909 differant,
635 1862 691 1899 vel
717 1862 760 1899 ad
788 1863 892 1908 plura
917 1860 1041 1913 referti
1067 1864 1212 1910 possint

122 1945 278 1983 genera3
307 1942 525 1979 quamquam
555 1929 677 1977 negari
702 1939 778 1966 non
804 1936 951 1977 potest,
967 1929 1004 1966 in
1028 1940 1103 1968 non
1131 1931 1214 1969 nul-

119 2005 165 2045 lis
200 2001 392 2052 generibus
418 2001 487 2038 hoc
509 1999 629 2041 locum
651 2008 727 2036 non
751 1997 896 2036 habere.

1150 2070 1212 2114 Li-

164 2187 210 2226 (1)
235 2185 332 2225 Sepp.
353 2189 430 2216 tom.
454 2183 499 2213 11.
519 2193 591 2222 pars
613 2181 675 2213 VI.
696 2182 762 2224 tab.
784 2194 813 2223 9.

162 2240 213 2278 (α)
232 2253 348 2264 -—
368 2242 445 2267 tom.
468 2236 496 2266 1.
516 2246 589 2275 pars
610 2235 672 2266 VI.
692 2235 757 2266 tab.
780 2247 809 2267 2.

166 2290 214 2331 (5)
237 2290 261 2320 C
279 2303 297 2321 u
311 2302 329 2322 v
342 2291 352 2319 i
367 2303 382 2320 e
398 2301 424 2320 r.
449 2293 522 2319 [om.
544 2288 586 2321 V.
609 2299 678 2328 pag.
699 2286 770 2319 405.
