1492 2896
255 230 325 270 134
651 220 966 272 mstslTlo

256 334 292 376 ἐν
311 338 356 379 τῇ
381 329 530 378 Σπάρτῃ
553 331 602 377 μὴ
633 331 814 376 γενέσθαι,
839 331 1072 378 παροιχρῑὲσθε
1099 331 1133 372 ἐς
1157 332 1238 371 τοὺς
1262 342 1353 374 συμ-

258 402 417 450 μάχους·
443 402 472 439 εἰ
499 402 535 439 δὲ
566 401 663 439 abre)
705 401 855 447 ἔμπειροι
891 401 995 442 ἔατε,
1031 399 1208 445 κατάπερ,
1225 398 1353 443 ἡμεῖς,

258 470 382 518 εἴχετε
417 470 461 508 ἂν
497 469 573 517 περὶ
607 471 715 508 αὐτοῦ
751 469 895 514 γνώμαις
929 468 1111 514 ἀμείνονας
1142 466 1356 513 συμβώλλε·

258 539 337 577 σθαι
377 539 463 586 ἥπερ
503 537 589 577 νῦν”
616 536 700 586 (ι).
754 537 813 573 Ne
849 537 952 583 plura
987 535 1132 582 seligam
1167 546 1211 572 ex
1244 534 1354 570 hacce

257 605 401 655 egregia
433 606 586 643 Sosiclis
623 606 820 651 oratione,
870 616 939 651 qua
983 597 1354 651 pessimam-tyranni

256 676 415 713 indolem
450 675 581 724 probat
613 675 740 712 deinde
778 673 932 721 Cypseli
965 681 1002 710 et
1034 672 1241 717 Periandri,⁴
1274 670 1353 708 Co·

256 746 368 784 rinthi
390 755 627 793 tyrannorum
641 773 654 791 ‚
675 744 874 791 exemplis,
901 743 979 791 ipsa
1003 740 1264 789 disputationis
1285 740 1354 777 hu-¹

252 815 315 863 Jus
352 817 431 862 lege
470 813 681 861 prohibeor.
745 813 807 853 Ne
845 821 965 850 autem
1005 811 1169 849 Graecos
1210 817 1352 848 tantum

256 885 328 927 hoc
353 884 390 922 in
416 894 548 932 genere
574 883 720 925 laudare
746 882 891 927 videar,
919 881 1186 930 elegantissima
1208 880 1354 918 tandem

256 955 357 993 hisce
391 953 608 1001 apponenda
638 962 694 990 est
727 951 920 990 Ciceronis
946 952 992 989 de
1020 959 1178 1000 tyranno
1211 959 1358 988 senten-

255 1023 327 1063 tia:
380 1051 404 1071 ,‚
428 1023 498 1060 Hic
538 1031 594 1064 est
632 1021 783 1069 enim,''
820 1021 897 1069 ait,
948 1021 1161 1068 „dominus
1197 1018 1356 1068 populi,

257 1103 365 1140 quem
401 1092 533 1129 Graeci
567 1100 762 1139 tyrannum
796 1099 953 1130 vocant:
989 1101 1072 1129 nam
1106 1100 1225 1138 regem
1250 1088 1354 1126 ilium

255 1162 388 1199 v‘olunt
410 1172 514 1207 esse,
545 1161 609 1208 qui
634 1160 796 1198 consulit
821 1168 860 1197 ut
883 1170 1012 1207 parens
1039 1160 1184 1207 populo
1206 1168 1356 1199 conser-

260 1239 400 1277 vatque
423 1241 512 1277 eos,
535 1230 672 1277 quibus
689 1238 744 1267 est
757 1229 1016 1277 praepositus,
1041 1240 1148 1275 quam
1165 1228 1304 1275 optima
1320 1227 1358 1264 in

256 1299 469 1341 conditione
491 1299 655 1337 vivendi.
684 1319 724 1325 —
777 1299 1007 1345 Simulatque
1032 1298 1125 1335 enim
1155 1296 1358 1334 seinfl'exit

255 1370 315 1405 hic
337 1379 398 1406 rex
421 1368 459 1406 in
486 1368 712 1406 dominatum
744 1368 972 1416 injustiorem
989 1395 1002 1413 ‚
1031 1366 1073 1403 fit
1096 1367 1277 1404 continuo
1299 1375 1357 1414 ty-

255 1447 390 1478 rannus
406 1465 419 1482 ‚
443 1448 519 1484 quo
543 1447 664 1483 neque
691 1436 821 1473 tetrius
850 1447 970 1484 neque
993 1435 1165 1483 foedius,
1193 1447 1260 1473 nec
1284 1437 1355 1474 Dis

256 1506 541 1553 hominibusque
567 1505 723 1544 invisius
743 1505 874 1547 animal
896 1506 1010 1543 ullum
1033 1505 1184 1553 cogitari
1205 1513 1369 1552 potest:v

255 1576 346 1621 qui,
383 1587 604 1622 quamquam
633 1575 750 1623 figura
774 1584 830 1612 est
855 1576 1014 1612 hominis
1031 1603 1042 1620 ‚
1066 1586 1208 1612 morum
1236 1583 1354 1612 tamen

258 1643 480 1682 immanitate
519 1644 746 1682 vastissimas
780 1644 894 1682 vincit
926 1645 1080 1682 belluaS.
1134 1643 1228 1692 Quis
1259 1643 1354 1680 enim

256 1715 355 1752 hunc
381 1713 565 1751 hominem
595 1713 664 1750 rite
689 1713 849 1759 dixerit,
887 1714 951 1760 qui
985 1713 1055 1750 sibi
1083 1725 1167 1750 cum
1197 1713 1276 1750 suis
1307 1713 1358 1750 ci·.

258 1782 396 1830 vibus,
422 1781 485 1829 qui
509 1781 668 1827 denique
699 1792 782 1818 cum
817 1781 979 1818 omnium
1011 1780 1203 1818 hominum
1228 1792 1359 1830 genere

256 1852 391 1888 nullam
427 1851 520 1899 juris
563 1851 890 1897 communionem,
937 1848 1072 1888 nullam
1120 1851 1357 1889 humanitatis

256 1923 467 1959 societatem
496 1920 584 1958 velit
611 1920 693 1968 (2).

307 1991 421 2029 Hisce
441 1990 613 2033 omnibus
640 1990 731 2026 bene
757 1989 973 2037 perpensis,
1001 1988 1151 2026 dubium
1172 1999 1254 2027 esse
1279 1998 1354 2025 nou

255 2069 406 2108 potest,
435 2061 496 2097 cui
529 2059 763 2107 potissimum
794 2070 922 2096 causae
946 2067 1143 2096 extremum
1171 2057 1272 2094 istud
1298 2066 1356 2105 ty-

255 2129 356 2166 ranni
379 2129 478 2175 apud
502 2127 675 2174 antiquos
695 2127 818 2164 odium
836 2127 1070 2165 tribuendum
1086 2126 1148 2165 sit.
1183 2126 1219 2164 Is
1234 2126 1353 2173 enim,

1306 2208 1354 2233 st-

299 2278 345 2316 (1)
371 2276 493 2307 Herod.
514 2275 591 2306 Lib.
607 2275 650 2306 V.
671 2287 699 2306 c.
715 2287 766 2316 9²·

295 2332 342 2371 (2)
368 2330 437 2360 Cic.
459 2331 496 2359 de
510 2332 592 2369 Res).
615 2328 690 2360 Lib.
706 2330 748 2359 il.
772 2331 859 2360 026.
