1492 2896
300 260 688 302 PfflLOSOPcho
703 284 719 292 -
732 261 1043 303 HISTORICA.
1183 270 1232 314 35

117 375 315 412 humanum
354 381 471 420 genus
501 371 638 410 amoris
674 380 711 410 et
733 372 946 411 clementiae
972 383 1148 422 perpetua
1174 387 1230 414 re·

116 442 309 489 cordatio,
350 452 444 489 quae
485 441 682 479 acerrimus
714 443 893 480 exsistere
924 453 1049 491 potest
1072 444 1117 482 ad
1143 456 1227 483 eum

115 512 312 551 colendum
338 511 528 550 stimulus.
582 511 666 549 Nos
699 511 805 549 nihili
831 512 998 550 homines
1027 522 1156 551 sumus
1191 524 1228 552 et

118 582 304 621 erroribus
340 581 508 630 quotidie
540 580 721 629 obnoxii3
765 582 867 619 Deus
894 594 981 620 vero
1012 584 1133 621 nostri
1161 585 1229 622 mi-

113 653 250 691 seritus
274 662 296 689 e
319 652 422 689 malis
444 662 514 689 nos
539 651 710 689 liberavit
731 661 796 698 per
821 651 936 689 lilium
965 664 1072 690 suum
1095 654 1223 704 Jesum

113 722 335 769 Christum,
370 722 419 760 ita
453 730 573 759 tamen
612 722 653 758 u't
691 721 763 769 ipsi
801 722 1024 760 serviremus
1058 734 1124 761 nec
1161 726 1227 764 hac

110 792 280 830 libertate
302 791 388 830 freti
418 791 456 829 in
480 791 641 840 peccatis
667 802 982 839 perseveraremus
1005 793 1098 842 (1).‘
1142 795 1230 831 Vir·

111 871 228 900 tutem
268 861 380 910 igitur
421 872 652 899 exerceamus
684 871 836 899 necesse
874 871 960 908 est,
997 870 1037 900 ut
1059 863 1126 901 hac
1150 863 1227 902 vita

115 933 232 981 probe
251 933 398 980 peracta
422 940 592 969 aeternae
612 929 798 969 felicitatis
826 931 1046 969 beneficium
1069 933 1227 982 accipia-

114 1013 223 1049 mus,
252 1013 360 1049 quam
396 1001 568 1049 promisit
600 1001 808 1047 omnibus,-
841 1011 1031 1049 quotquot
1055 1003 1127 1051 ipsi
1152 1014 1229 1040 ser-

112 1070 289 1110 viverint.
344 1069 530 1119 Quocirca
560 1080 729 1109 nostrum
758 1079 843 1118 est,
885 1082 926 1109 ut
956 1073 1032 1109 veri
1060 1075 1230 1121 rectique

113 1151 236 1178 amore
252 1139 354 1193 ducti
376 1139 414 1177 in
432 1151 488 1177 res
504 1151 634 1178 omnes
650 1141 879 1188 inquirentes
899 1170 910 1188 ‚
937 1143 1040 1190 quod
1056 1154 1143 1181 vero
1159 1144 1230 1181 bo-

113 1220 201 1248 num
225 1218 281 1248 est
304 1210 526 1256 retinentes,
553 1209 726 1248 virtutem
757 1211 907 1259 assequi
931 1214 1113 1261 nitamur,
1135 1225 1230 1261 quae

115 1290 226 1318 omne
243 1291 354 1318 suum
381 1280 492 1318 habet
516 1280 553 1317 in
582 1280 654 1318 Dei
674 1282 778 1318 cultu
799 1280 1096 1321 fundamentum.
1143 1285 1229 1332 lpso

118 1351 200 1389 Deo
215 1350 310 1388 nihil
327 1358 452 1400 potest
470 1350 668 1399 excogitari
687 1350 913 1400 perfectius,
942 1354 1124 1402 praecipit
1139 1356 1230 1393 adeo

116 1420 210 1459 nihil
238 1420 312 1458 nisi
339 1422 442 1468 quod
476 1421 616 1458 bonum
645 1421 864 1470 justumque
900 1423 963 1465 sit.
1006 1425 1087 1473 Jam
1115 1436 1230 1473 vero,

114 1502 231 1539 quum
251 1499 422 1529 cernatur
443 1491 593 1528 moralis
609 1499 737 1529 nostra
750 1491 897 1529 libertas
912 1493 947 1530 in
963 1494 1156 1541 pravitatis
1167 1506 1234 1533 cu·

110 1562 252 1611 iusque
273 1560 503 1598 immunitate
527 1561 686 1610 ejusque
708 1561 932 1609 principium
956 1563 1165 1602 habendum
1184 1565 1234 1603 sit

115 1631 267 1669 virtutis
286 1631 477 1677 studium,
503 1630 565 1669 vix
591 1630 671 1668 fieri
693 1631 797 1668 aliter
818 1642 944 1680 potest
959 1661 971 1679 ,
998 1633 1090 1681 quin
1109 1635 1230 1672 Deum

113 1702 301 1748 colendo,
334 1701 371 1738 id
404 1710 486 1747 est,
523 1701 593 1739 Dei
627 1711 823 1749 praecepta
849 1703 1085 1740 observando
1117 1713 1233 1751 atque

117 1773 191 1820 ita,
215 1782 373 1819 corpore
402 1772 556 1820 ejusque
580 1770 845 1818 cupiditatibus
875 1771 1023 1817 missis,
1051 1773 1227 1811 virtutem

118 1843 155 1880 in
193 1840 335 1879 deliciis
373 1841 540 1878 habendo
575 1842 748 1878 moralem
781 1840 892 1878 nobis
929 1841 1159 1881 vindicemus
1188 1845 1232 1880 li-

119 1911 313 1948 bertatem.
366 1910 471 1959 Quae
511 1921 587 1956 quo
624 1910 760 1959 majore
797 1910 921 1947 studio
961 1911 1229 1960 observamus,

117 1992 162 2019 eo
198 1979 364 2029 pleniore
401 1978 602 2025 gaudemus
641 1978 835 2017 libertate:
870 1990 950 2017 nam
982 1982 1051 2018 etsi
1079 1983 1232 2030 optimis

117 2060 246 2089 sumus
282 2047 521 2087 facultatibus
561 2048 605 2085 ad
647 2048 820 2086 virtutem
863 2048 1034 2087 instructi
1070 2050 1233 2099 ideoque

115 2119 317 2168 aliquando
357 2117 540 2156 factorum
579 2116 839 2165 dictorumque
878 2119 1041 2157 rationes
1083 2120 1232 2158 reddere

117 2189 358 2235 debebimus,
400 2188 458 2225 vel
492 2187 544 2224 sic
579 2195 700 2225 tamen
735 2193 798 2237 (ea
833 2188 976 2228 scilicet
1012 2200 1068 2228 est
1101 2200 1230 2228 nostra

1165 2261 1232 2299 im-

161 2339 214 2381 (¹5
230 2339 345 2379 Epist.
369 2336 397 2368 Ι.
420 2337 508 2367 Petri
535 2337 600 2369 11.:
625 2337 675 2367 16.
