1492 2896
466 276 848 323 oRAT1o
1154 277 1212 342 ω

101 416 348 462 Parentibus
375 425 591 478 acceptam
609 451 621 473 ,
641 420 957 471 intaminatam,
985 419 1050 464 uti*
1068 433 1202 478 opor-

97 501 182 548 tet,
212 494 312 552 quin
348 495 470 540 etiam
507 504 670 541 auctam
702 496 925 555 nepotibus
957 496 1169 546 tradamus
1187 527 1203 551 ‚

98 585 233 628 neque
266 571 483 630 patiamini
514 573 557 616 in
598 573 729 617 nobili
765 573 848 617 hoc
887 574 1109 621 certamine
1145 574 1201 619 ab

96 647 179 692 ulla
216 649 442 697 Academia
473 656 656 694 nostram
681 650 883 708 superari.

152 724 265 769 Haec
292 725 424 771 Vobis
451 726 640 785 inprimis
671 726 783 773 dicta
817 733 966 778 sunto,
1018 726 1198 771 Juvenes

96 800 375 856 dilectissimi,
407 803 558 859 quibus
584 810 646 847 est
669 817 814 847 sensus
843 802 929 846 veri
952 810 992 846 et
1007 803 1197 857 honesti,

93 879 164 935 qui
199 894 223 923 a
249 879 468 924 laudandis
501 879 610 924 Viris
641 879 788 924 merito
818 878 979 929 laudari
1021 878 1196 937 cupitis3

91 955 265 1001 vocibus
298 963 433 1002 autem
463 956 695 1014 corruptis,
722 956 907 1009 levitati,
940 961 1064 1012 atque
1092 969 1197 1013 pra-

90 1046 166 1076 vae
193 1032 355 1076 libidini
382 1047 466 1077 non
505 1047 624 1077 aures
661 1032 884 1091 praebetis.
920 1056 983 1083 -‚
1003 1031 1208 1088 Pergite,

90 1116 136 1153 ut
155 1108 289 1154 facitis
308 1141 319 1163 ‚
337 1108 577 1167 dignitatem
605 1116 774 1159 nostrae
789 1109 1038 1161 Academiae
1065 1109 1168 1159 tueri
1182 1140 1207 1163 ,0

92 1194 132 1230 et
183 1200 389 1231 memores
433 1193 590 1240 estote,
636 1200 763 1243 quam
807 1185 1071 1245 praeclarum
1109 1185 1194 1239 sit,

90 1263 525 1321 quamjucundissima
541 1262 778 1307 recordatio
797 1295 809 1316 ‚
828 1263 929 1306 alios
952 1262 1005 1305 ad
1034 1269 1193 1306 rectam

89 1339 197 1382 viam
225 1338 456 1384 reduxisse.

146 1416 209 1460 Te
253 1424 386 1460 autem
424 1416 559 1461 Deum
606 1416 934 1475 omnipotentem
968 1423 1007 1460 et
1045 1416 1193 1473 benig«

86 1507 185 1537 num
236 1493 430 1537 ardenter
468 1507 690 1552 precamur
716 1524 728 1546 ,
782 1500 829 1536 ut
863 1492 1035 1536 sinceris
1079 1493 1193 1539 hisce

88 1569 306 1613 conatibus
338 1569 545 1622 omnium,
565 1570 717 1626 quibus
743 1570 853 1613 salus
878 1577 1047 1614 nostrae
1078 1570 1195 1613 Aca-

88 1646 245 1690 demiae
289 1660 411 1691 curae
439 1654 527 1700 est,
557 1653 630 1690 tuo
667 1646 834 1691 numine
870 1647 1032 1697 faveas,
1064 1646 1193 1706 ipsis-

88 1737 168 1779 que
201 1723 350 1766 auxilio
375 1723 499 1767 adsis.
537 1747 584 1754 -—
618 1724 680 1766 Ita
708 1723 829 1766 etiam
856 1723 938 1766 hoc
972 1722 1094 1766 tertio
1122 1737 1193 1767 se-

85 1799 178 1842 culo
205 1807 347 1842 nostra
373 1799 595 1843 Academia
612 1831 623 1852 ‚
652 1807 749 1857 post
775 1802 858 1844 fata
887 1805 1125 1857 superstes,
1146 1807 1185 1842 te

90 1876 257 1934 auspice
272 1877 503 1919 servabitur
516 1875 746 1929 incolumis,
766 1875 824 1918 ita
843 1888 982 1918 veram
997 1875 1083 1931 ejus
1097 1876 1192 1933 glo-

89 1953 192 1996 riam
217 1952 439 2011 nepotibus
459 1952 744 1997 intaminatam
772 1951 938 1995 tradere
955 1965 1192 2010 possumus.

142 2169 265 2214 Hisce
302 2170 425 2227 igitur
438 2170 641 2228 peractis,
696 2171 824 2214 unfim
849 2170 976 2227 idque
1003 2172 1194 2229 gratissi-—

90 2260 196 2290 mum
235 2246 334 2290 mihi
372 2255 589 2305 superest,
629 2255 672 2290 ut
707 2247 948 2291 Successori
978 2249 1193 2294 Restionis

88 2337 230 2370 munus
257 2330 380 2380 atque
413 2324 586 2381 iusignia
622 2325 803 2368 tradam.

982 2401 1005 2443 5
1030 2406 1049 2426 *¹
