1492 2896
235 223 646 263 PHILOSOPHICO-
661 222 967 264 HISTORICA.
1099 237 1168 271 105

54 335 146 373 viter
170 334 206 372 in
230 345 374 372 causam
399 334 584 380 inquirere
609 333 735 380 lubet,
766 345 837 380 qua
860 334 998 373 factum
1026 334 1099 380 sit,
1126 345 1168 371 ut

53 417 74 442 a
97 414 208 452 regno
230 403 432 442 libertatem
457 402 607 442 alienam
632 414 711 441 esse
731 405 986 450 perhibuerint
1009 404 1167 452 antiqui.

52 472 226 520 Scilicet,
265 482 467 521 temperato
504 475 603 522 regio
640 473 825 521 imperim,
863 475 963 522 quali
999 487 1069 513 nos
1100 477 1171 513 uti-

51 554 161 590 mur,
195 543 247 580 illi
276 554 351 580 non
385 543 535 581 fuerunt
568 544 696 581 maturi
726 545 807 591 (1).
866 544 996 582 Priscis
1028 554 1171 593 tempo-

49 611 153 649 ribus
206 613 483 660 patriarchicam
528 613 778 660 sequebantur
831 616 1008 652 rationem
1026 642 1039 659 ,
1074 627 1171 661 quae

48 690 199 720 naturae
238 683 346 730 plane
383 683 605 732 respondet3
654 683 717 719 sed
758 694 834 729 quo
875 694 956 720 esse
991 683 1168 721 cultiores

48 761 252 800 coeperunt
273 780 285 799 ‚
321 763 366 790 eo
405 751 518 800 magis
555 753 808 799 aequalitatem
851 763 1022 801 appetere
1052 763 1087 790 et
1121 754 1166 790 ad

48 822 264 870 popularem
299 821 486 869 reginiInis
521 821 677 860 formam
713 823 883 860 accedere
914 824 1162 870 studuerunt,

49 890 190 939 quippe
226 902 318 939 quae
361 891 525 928 omnium
564 893 718 930 maxime
758 892 1014 940 aequalitatem
1050 894 1190 936 refer-1

49 969 105 998 ret
122 961 206 1009 (2).
243 960 365 1009 Reges
384 960 515 999 deinde
542 973 610 1009 pro
635 965 806 1012 tyrannis
832 962 909 1001 fere
928 963 1161 1011 habuerunt,

47 1039 89 1068 ut
115 1041 247 1078 nempe
270 1031 479 1078 aequalitati
504 1032 778 1079 promovendae
808 1035 948 1071 alienos
970 1062 982 1080 ,
1016 1045 1083 1071 nec
1113 1043 1166 1072 ta-

45 1111 130 1139 men
155 1099 312 1148 ignobili
337 1099 410 1138 istfi
443 1100 743 1149 significatione,
782 1114 890 1149 quam
916 1103 1000 1140 huic
1024 1103 1164 1141 nomini

47 1169 208 1208 tribuere
238 1169 407 1207 homines
445 1171 582 1208 solent.
645 1171 845 1219 Tyrannos
881 1173 1032 1221 proprie
1067 1174 1166 1211 dice—

46 1238 134 1277 bant
159 1249 287 1276 omnes
316 1240 441 1287 cives,
470 1240 535 1288 qui
560 1239 661 1288 soli,
691 1241 770 1279 sive
795 1242 1008 1280 volentibus
1032 1243 1164 1281 ceteris

44 1319 113 1347 seu
137 1309 376 1355 nolentibus,
404 1321 547 1349 summa
571 1308 701 1350 rerum¹
721 1311 833 1360 potiti
859 1322 984 1350 essent
1016 1313 1052 1351 in
1074 1313 1167 1351 civi·
1193 1344 1198 1351 .

1115 1392 1166 1420 ta-

89 1482 137 1521 (ι)
175 1479 303 1511 Summa
332 1482 494 1521 regiminis
520 1483 701 1522 perfectio,
736 1485 826 1525 cujus
855 1495 955 1524 capax
985 1485 1164 1525 antiquitas

43 1534 127 1572 suit,
154 1535 298 1565 cernitur
321 1536 354 1564 in
382 1536 549 1574 republica
576 1536 738 1575 Romana,
771 1548 865 1578 quam
898 1537 1007 1568 laudat
1035 1538 1105 1568 Cic.
1128 1539 1166 1569 de

42 1589 127 1628 Rep.
149 1587 226 1619 Lib.
253 1589 282 1619 1.
307 1599 337 1619 c.
361 1588 422 1627 46,
457 1593 583 1620 secutus
607 1590 743 1622 maxime
773 1591 966 1632 Polybium,
996 1591 1073 1624 Lib.
1098 1592 1162 1624 VI.

6 1638 13 1641 ’
42 1651 72 1672 c.
93 1652 124 1684 9.
146 1653 218 1685 sqq.
260 1641 393 1675 Factum
412 1643 457 1673 ita
479 1647 547 1680 est,
575 1648 610 1674 ut
634 1654 708 1674 raro
728 1644 762 1674 in
784 1644 844 1675 hac
866 1645 1033 1684 republica
1057 1648 1163 1677 exsti-

44 1695 143 1726 terint
172 1696 309 1735 tyranni.
351 1696 490 1728 senatus
520 1698 603 1726 enim
632 1699 823 1728 auctoritate
855 1709 911 1728 sua
941 1699 1162 1738 impediebat,

44 1749 217 1789 quominus
242 1760 294 1780 res
317 1760 415 1782 novas
443 1751 605 1791 demagogi
637 1751 841 1783 molirentur.
897 1753 1011 1792 Neque
1044 1754 1076 1783 vi
1109 1764 1164 1783 sua

42 1801 102 1832 hac
121 1802 155 1831 in
176 1802 211 1832 re
232 1804 334 1833 caruit
354 1804 438 1834 ratio
465 1804 689 1835 democratica.
735 1804 842 1845 Quum
869 1807 951 1837 euim
982 1809 1036 1847 qui
1064 1808 1164 1836 affec-

44 1860 149 1887 tarent
185 1858 410 1898 tyrannidem,
453 1858 546 1888 Plebi
585 1860 721 1893 maxime
762 1868 831 1889 sese
874 1862 1161 1898 commendarent,

42 1910 159 1940 Romae
181 1909 216 1939 hi
237 1921 254 1938 a
276 1910 433 1941 Tribunis
455 1912 564 1942 Plebis
585 1911 698 1942 sedulo
721 1914 925 1944 arcebantur.

85 1964 134 2004 (2)
167 1963 242 1994 Non
274 1969 379 1995 tamen
414 1966 545 2004 pristini
579 1966 630 1995 illi
664 1967 763 2007 Reges
798 1969 977 1999 absolutam
1010 1969 1162 2001 habuisse

41 2022 230 2057 potestatem
268 2019 434 2058 videntum
472 2018 527 2049 sed
556 2024 676 2050 tantum
700 2021 786 2050 domi
808 2023 920 2052 summi
941 2024 1040 2055 fuisse
1058 2026 1163 2065 magi--

43 2075 161 2105 stratus
177 2093 186 2108 ,
213 2071 347 2107 militiae
373 2074 514 2111 supremi
540 2073 618 2104 belli
646 2074 778 2114 gerendi
805 2075 912 2106 duces.
959 2077 1159 2121 Quamquam

42 2128 146 2155 autem
168 2124 308 2164 posteris
333 2126 535 2165 temporibus
559 2128 643 2167 regia
671 2127 819 2158 universe
843 2129 987 2159 obsoleta
1014 2131 1076 2161 suit
1096 2142 1161 2169 po-

42 2181 159 2216 testas,
185 2177 406 2210 Lacedaemon
432 2184 535 2210 tamen
561 2192 632 2211 suos
655 2182 791 2211 retinuit
816 2182 938 2222 Reges,
970 2187 1004 2213 ca
1030 2185 1160 2224 quidem

41 2233 180 2263 muneris
199 2232 353 2273 dignitate
374 2234 561 2273 conspicuos
574 2256 583 2272 ,
608 2240 642 2265 ut
658 2236 691 2265 in
704 2237 863 2277 suffragiis
878 2238 1020 2268 ferendis
1034 2244 1158 2269 ceteros

42 2285 110 2316 fere
139 2285 311 2317 Senatores
339 2287 553 2329 adaequarent
583 2289 726 2331 bellique
750 2295 872 2321 tantum
896 2296 1038 2331 tempore
1063 2283 1159 2325 exec-

44 2340 121 2371 citui
142 2342 339 2383 praeessent.
