1492 2896
243 274 296 317 1ίι
604 274 993 319 ORATIO.

237 409 482 466 ceteroquin
513 408 557 452 in
589 424 732 453 verum
761 409 1022 467 inquireret?
1082 411 1226 470 Ipsum
1249 411 1353 455 illud

236 494 446 546 studium,
488 508 573 551 quo
613 495 792 552 gaudet,
824 494 1023 552 quodque
1053 494 1135 553 ipsi
1169 495 1225 539 ab
1266 509 1350 555 op-

233 580 336 622 timo
372 578 574 623 Creatore
608 578 857 638 impressum
896 586 977 632 est,
1008 579 1126 624 testis
1162 579 1223 623 illi
1259 587 1350 634 est,

228 673 272 706 et
312 664 526 709 veritatem
565 664 848 722 quaerendam
890 679 978 709 esse
1018 674 1063 708 et
1090 680 1182 709 eam
1221 679 1350 725 posse

225 749 413 797 inveniri.
505 750 591 794 Sed
627 750 680 794 ad
718 750 830 794 illam
874 749 1213 809 cognoscendam
1259 763 1347 794 non

227 838 640 888 transcendentali,
674 850 780 892 quae
806 835 980 888 dicitur,
1014 834 1346 894 philosophandi

224 921 414 974 ratione,
455 934 542 964 non
571 920 1003 978 argumentationibus
1035 935 1060 963 a
1081 922 1269 977 priori,
1299 927 1345 965 ut

222 1007 363 1064 ajunt,
405 1020 491 1049 non
523 1007 850 1062 hypothesibus
886 1005 1140 1058 delectatur,
1181 1004 1241 1049 ita
1271 1012 1342 1058 ut,

223 1089 339 1148 quod
374 1089 500 1134 hodie
536 1097 736 1146 tanquam
770 1104 914 1134 verum
945 1088 1215 1143 assumserit,
1247 1103 1342 1133 cras

221 1174 313 1234 ipse
346 1175 530 1219 refutare
565 1181 741 1232 cogatur
753 1192 765 1230 3
825 1174 899 1218 sed
933 1181 978 1218 ut
1017 1174 1194 1231 quisque
1232 1187 1342 1232 pru-

222 1258 326 1302 dens
365 1266 538 1303 naturae
577 1265 811 1311 scrutator,
841 1258 899 1302 ita
924 1266 964 1302 et
988 1271 1211 1316 germanus
1234 1256 1343 1301 Phi-

219 1342 424 1402 losophus
466 1343 687 1395 observat,
727 1342 923 1399 inquirit,
966 1341 1187 1396 discernit,
1230 1356 1339 1386 con-

218 1426 378 1486 jungit,
412 1433 654 1485 comparat,
687 1426 884 1482 ducitque
921 1440 970 1470 ex
1009 1425 1092 1470 suis
1129 1426 1337 1472 observa-

216 1512 400 1556 tionibus
441 1511 783 1564 consecutiones,
844 1518 889 1554 ut
923 1510 983 1554 sic
1019 1526 1044 1554 a
1079 1515 1338 1567 posteriori

213 1595 423 1648 inveniat,
469 1595 567 1652 quid
613 1595 772 1638 mundo
820 1594 1064 1652 intelligibili
1111 1611 1136 1639 a
1174 1599 1336 1653 priori

216 1681 339 1733 insit,
393 1681 521 1736 inque
568 1680 656 1723 dies
712 1679 857 1722 melius
913 1687 1141 1737 cognoscat
1163 1713 1175 1734 ,
1230 1681 1332 1738 quid

214 1765 430 1823 pulcrum,
473 1778 638 1816 verum,
688 1763 871 1815 bonum,
914 1763 1094 1820 justum,
1138 1764 1331 1824 inprimis

214 1856 376 1901 autem,
409 1847 510 1904 quid
540 1864 701 1892 veram
730 1847 796 1893 sit.
857 1847 951 1892 Hoc
978 1848 1162 1893 veritatis
1188 1863 1332 1894 amore

213 1933 272 1977 sic
304 1939 416 1976 totus
450 1939 512 1976 est
538 1931 724 1975 imbutus
762 1939 802 1976 et
833 1939 1022 1986 tenetur,
1052 1940 1098 1977 ut
1132 1948 1226 1977 cum
1260 1933 1331 1977 in-

209 2017 307 2061 fima
362 2017 485 2076 plebe
533 2032 630 2061 vera
675 2016 829 2060 sentire
870 2018 1011 2071 malit,
1063 2033 1189 2075 quam
1234 2032 1330 2063 cum

210 2102 439 2146 Platone
469 2116 625 2145 errare.
688 2102 833 2159 Neque
860 2109 998 2146 tamen
1023 2102 1124 2147 illud
1147 2102 1328 2147 studium

210 2185 316 2228 ultra
344 2185 563 2238 terminos,
604 2186 786 2229 humano
818 2186 986 2244 ingenio
1019 2187 1207 2245 positos,
1252 2202 1329 2231 ex-

210 2269 354 2312 tendit,
436 2270 531 2313 Non
570 2270 753 2326 quaerit,
796 2271 897 2327 quid
931 2285 1069 2324 mens,
1103 2271 1204 2327 quid
1234 2272 1328 2331 spi-

212 2355 312 2398 ritus
350 2352 426 2405 sit,
457 2353 498 2395 in
545 2368 627 2410 qua
673 2353 943 2410 quaestione,
977 2362 1079 2398 teste
1122 2355 1327 2399 Gabie-
