1492 2896
275 291 330 331 30
389 289 427 332 J.
445 289 489 332 L.
509 288 554 331 (Β.
569 287 923 332 SCHROEDER
940 301 1152 333 VANDER
1169 288 1329 336 KOLK

271 445 361 475 cum
415 432 456 473 in
497 431 690 474 omnibus
733 430 965 474 Medicinae
1009 431 1228 490 pat-tibus,
1284 439 1373 476 tum

268 509 309 550 in
339 508 417 550 hac
449 515 587 566 parte,
615 508 789 567 propria
824 506 1076 568 experientia
1115 507 1197 552 dux
1236 515 1299 553 est
1328 515 1370 553 et

267 585 423 643 optima
456 584 670 643 Magistra.

321 661 463 719 Quare
498 662 751 706 Nosocomia
775 661 1045 706 instituantur
1075 660 1249 706 diversis
1287 662 1376 706 Pa-

263 739 366 783 triae
400 738 528 791 locis,
574 747 697 795 atque
745 739 938 798 inprimis
971 738 1016 782 in
1053 738 1260 792 urbibus,
1301 739 1380 784 ubi:

262 824 359 859 sunt
406 817 681 865 Academiae,
743 831 873 873 eaque
921 829 1006 860 non
1053 830 1228 875 magna,
1282 830 1376 860 vnaonv

259 892 502 950 splendida,
531 907 664 948 neque
693 893 814 936 nimis
835 899 1069 944 sumtuosa,
1101 893 1177 937 sed'
1198 893 1374 947 idonea,

260 970 476 1022 salutaria,
496 977 620 1026 atque
652 977 850 1026 quantum
873 970 916 1013 id
952 969 1044 1014 fieri
1070 977 1235 1029 potest,
1264 970 1377 1014 hor-

259 1047 311 1090 tis
335 1054 375 1090 et
403 1047 574 1105 spatiis,
606 1047 799 1090 omnibus
840 1044 1124 1099 adminiculis,
1157 1060 1267 1103 quae
1290 1061 1374 1090 ,sa-

256 1123 465 1167 nationem
516 1131 734 1182 spectant,
778 1123 995 1167 instructa.
1050 1146 1097 1153 --
1138 1122 1248 1167 Tum
1292 1122 1372 1166 de-

257 1214 369 1242 mum
417 1200 495 1242 erit
538 1200 635 1242 data
677 1200 850 1243 facultas
887 1198 1240 1257 Praeceptoribus
1273 1211 1368 1242 cum

255 1277 437 1320 maximo
475 1277 614 1319 fructu
642 1276 820 1320 docendi
836 1309 848 1329 ,
867 1275 1095 1334 Discipulis
1113 1282 1248 1319 autem
1268 1275 1365 1319 'dis-

254 1355 375 1398 cendi
412 1362 452 1398 et
488 1354 754 1412 experiundi3
806 1361 893 1397 tum
937 1352 1103 1397 demum
1140 1359 1282 1396 mutua
1324 1359 1364 1397 et

251 1433 444 1480 salutaris
473 1431 692 1476 aemulatio
715 1430 823 1474 inter
856 1429 961 1474 haec
987 1429 1241 1474 Nosocomia
1273 1429 1365 1474 ori-

256 1510 479 1567 ri1potest‚
511 1508 569 1551 ita
605 1515 652 1551 ut
685 1508 900 1564 quodlibet
933 1508 1042 1551 hane
1069 1513 1241 1566 appetat
1268 1507 1359 1551 lau-

253 1586 345 1629 dem
373 1593 412 1629 et
443 1586 642 1644 gloriam,
673 1592 715 1628 ut
750 1584 973 1629 maximum
1004 1584 1251 1629 beneficium
1279 1583 1362 1628 mi-

249 1663 352 1707 seris
388 1664 605 1717 tribuerit3
638 1686 688 1693 --
721 1669 804 1706 tum
837 1662 999 1706 demum
1022 1662 1248 1720 implentur
1278 1660 1359 1704 hac

247 1741 287 1784 in
336 1755 380 1785 re
421 1741 547 1785 officii
589 1749 755 1798 partes,
802 1755 906 1796 quas
951 1739 1102 1782 caritas
1140 1737 1356 1781 hominum

246 1818 385 1876 poscit
422 1826 460 1861 et
494 1817 766 1876 praescribit3
799 1824 882 1860 tum
922 1816 1103 1859 maximo
1135 1817 1217 1858 isto
1251 1829 1360 1871 gau-⁴

246 1897 318 1939 <tio
352 1897 431 1942 frui
481 1903 619 1954 potest
675 1894 828 1946 homo,
864 1893 1076 1937 hominum
1109 1898 1150 1936 et
1192 1891 1356 1935 Patriae

242 1986 412 2027 amans,
444 1981 487 2016 ut
524 1974 644 2030 longe
676 1972 855 2014 maxima
894 1986 992 2028 pars
1035 1969 1183 2013 horum
1226 1968 1355 2012 mise-

240 2067 380 2096 rorum
422 2050 589 2094 sanitati
619 2049 881 2099 restituatur,
925 2055 1050 2103 atque
1090 2045 1228 2089 Patria
1252 2046 1355 2103 vipsa

239 2128 279 2171 in
311 2143 360 2171 eo
405 2127 575 2185 gloriari
618 2126 785 2184 possit,
832 2133 876 2168 ut
913 2125 1033 2180 hujus
1085 2122 1352 2180 benignitatis

238 2204 360 2248 tande
404 2217 488 2248 non
526 2202 703 2261 amplius
729 2202 850 2246 cedat
877 2201 1042 2245 exteris.

257 2295 259 2299 ’
296 2281 468 2326 Utinam
508 2281 613 2324 haec
657 2280 774 2323 brevi
802 2280 928 2330 liant,
961 2285 1085 2334 atque
1115 2276 1198 2320 cito
1232 2276 1350 2319 aufe-

236 2367 380 2403 rantur
429 2359 645 2403 obstacula
685 2391 696 2409 ‚
753 2372 858 2413 qnae
909 2356 1045 2399 miuus
1097 2354 1138 2396 in
1188 2353 1312 2404 rebus
1340 2385 1350 2405 ‚
