1492 2896
237 250 626 297 PHILOSOPHICO
639 271 650 275 -
665 249 745 287 HIS
754 248 970 289 TORICA.
1121 262 1165 298 31

62 362 153 412 legis
192 345 356 399 normam
396 369 540 397 exactas
569 370 650 396 esse
688 359 887 398 voluerunt
920 358 1090 406 antiqui,
1128 367 1170 396 ut

63 438 205 480 praeter
240 427 421 478 justitiam
462 427 635 466 virtutem
673 428 828 466 maxime
865 437 901 466 et
939 438 1172 466 communem

63 499 200 538 civium
221 498 413 536 utilitatem
439 497 663 545 respicerent
695 498 789 545 (1),
821 507 963 545 utque,
1002 493 1176 546 quemad·

63 570 215 608 modum
239 580 260 607 e
279 568 553 606 communionis
578 567 702 605 studio
724 567 825 615 ipsae
847 579 950 605 natae
975 580 1054 606 esse
1077 569 1175 617 leges

66 638 324 685 habebantur,
362 637 411 675 ita
443 638 587 675 eaedem
621 637 785 676 studium
812 637 904 675 illud
932 639 1071 676 alerent
1094 650 1177 687 per·

65 717 183 759 petuo
212 708 465 756 amicitiaeque
498 708 536 746 in
563 707 713 746 civitate
742 708 973 757 adaugendae
999 708 1177 747 tationem

66 779 256 818 haberent.
310 779 449 817 Verum
478 790 553 816 rem
580 779 736 826 propius
759 779 1051 817 consideremus.

118 850 170 888 Et
192 849 298 887 Plato
332 848 480 896 quidem
514 849 613 897 leges
643 848 774 896 partim
806 848 990 887 bonorum
1011 849 1178 888 virorum

69 918 185 966 gratia
215 917 305 966 poni
337 926 489 964 censet,
528 927 569 955 ut
596 917 765 965 discant,
796 920 985 965 quomodo
1014 930 1179 958 mutuam

69 988 264 1026 amicitiam
300 997 336 1025 et
369 988 631 1026 humanitatem
671 990 792 1025 colere
834 990 1008 1037 possint,
1047 991 1179 1038 partim

71 1069 197 1095 eorum
230 1060 370 1104 causa,
409 1058 502 1106 qui,
542 1069 687 1096 omnem
723 1059 811 1096 dum
844 1060 988 1097 oderint
1017 1061 1183 1109 discipli-

70 1138 151 1165 nam
167 1155 180 1174 ,
208 1137 278 1165 tam
307 1126 512 1175 praefracta
540 1127 615 1165 sint
635 1130 787 1173 natura,
815 1137 855 1165 ut
875 1129 939 1166 vix
961 1129 1184 1176 prohibean-

72 1205 157 1243 tur,
179 1208 225 1234 ne
244 1197 289 1235 ad
304 1208 448 1234 omnem
463 1196 665 1243 nequitiam
682 1196 901 1245 praecipites
917 1197 1082 1236 ferantur
1096 1201 1183 1248 (α).

72 1269 213 1308 Passim
239 1269 332 1307 idem
364 1268 401 1305 in
423 1268 526 1305 libris
547 1267 591 1305 de,
611 1268 797 1317 Legibus,
819 1279 885 1306 nec
902 1280 979 1307 non
1001 1270 1089 1307 alibi
1104 1299 1116 1317 ,
1147 1282 1186 1308 ea

74 1340 119 1377 de
146 1350 184 1376 re
208 1339 362 1387 copiose
384 1338 588 1386 disputavit
602 1365 615 1385 ,
636 1338 873 1385 ostenditque
889 1367 902 1386 ‚
921 1340 1053 1377 ceteris
1075 1341 1187 1378 rebus

76 1409 227 1455 missis,
263 1409 439 1447 virtutem
466 1408 678 1456 primarium
708 1420 789 1446 esse
815 1409 906 1456 legis
932 1410 1185 1457 propositum.

80 1483 248 1527 „Tovm
280 1477 373 1524 aa?
408 1479 560 1525 inquit,
615 1506 638 1524 „
652 1480 804 1519 τίθεσθαι
849 1483 908 1520 τὸν
945 1482 1045 1528 νόμον
1088 1482 1188 1530 ὀρθῶς

79 1551 286 1598 ὑποτίθεμαι
307 1550 432 1597 μόνον,
456 1547 491 1592 ὃς
517 1550 561 1589 ἂν
584 1551 680 1595 δίκην
701 1551 843 1598 τοξότου
866 1551 1038 1592 ἑκάστοτε
1055 1554 1193 1602 στοχά-

80 1621 183 1670 ζηται
208 1620 332 1659 τούτου
348 1646 359 1664 ‚
395 1618 461 1668 ὅτῳ
492 1621 536 1659 ἂν
562 1625 719 1669 συνεχῶς
745 1622 876 1660 τούτων
904 1626 971 1661 τῶν
994 1623 1050 1662 οέεὶ
1075 1617 1193 1664 κοολῶν

80 1704 120 1729 τι
141 1690 333 1736 ξυνέπητοιι
352 1689 460 1737 μόνῳ*
485 1691 535 1728 τοὶ
558 1691 593 1729 δὲ
618 1690 719 1730 ἄλλοι
740 1691 937 1737 ξύμπαντα
961 1691 1190 1741 matamala-34,

82 1760 144 1799 εόὶν
171 1760 212 1798 τέ
244 1774 298 1802 τις
328 1763 501 1803 πλοῦτος,
541 1760 603 1798 ἕοὲν
638 1775 678 1798 τε
705 1759 775 1807 ἄρα
801 1761 834 1798 τὶ
870 1765 937 1800 τῶν
972 1761 1094 1801 ἄλλων
1125 1767 1193 1802 τῶν

84 1829 244 1868 τοιούτων
280 1828 316 1868 ἓν
350 1831 548 1878 τυγχάνῃ,
582 1829 666 1868 ἄνευ
698 1833 765 1868 τῶν
800 1831 1077 1878 προειρημένων”
1108 1832 1192 1880 (3).

82 1898 177 1936 Rem
209 1909 320 1945 supra
355 1897 477 1936 fusius
512 1898 789 1937 adumbraverat
818 1908 853 1937 et
878 1890 1056 1939 docuerat
1078 1902 1195 1941 virtu-

85 1976 158 2006 tem
182 1976 323 2005 certum
355 1979 436 2007 esse
470 1968 592 2016 legum
627 1977 724 2006 recte
765 1971 1034 2008 condendarum
1063 1971 1196 2011 funda-

87 2045 249 2075 mentum
275 2048 427 2084 eamque
446 2049 512 2086 per
533 2049 660 2075 omnes
683 2038 823 2076 iliarum
843 2049 963 2086 partes
987 2053 1192 2089 permeare,

1155 2123 1196 2150 ut

130 2169 178 2209 (ι)
203 2168 397 2198 »Exseerari
424 2169 575 2199 Socrates
600 2181 671 2200 eum
692 2171 835 2208 solebat,
872 2174 926 2213 qui
961 2175 1082 2212 primus
1103 2177 1196 2205 utili-

89 2226 185 2252 tatem
214 2233 230 2251 a
258 2227 371 2253 natura
406 2223 637 2262 sejunxisset.''
681 2225 750 2256 Cic.
778 2226 846 2256 1.1.
868 2225 944 2257 Lib.
969 2228 994 2258 1.
1018 2240 1047 2259 c.
1069 2240 1116 2260 η.
1145 2231 1196 2261 Cf.

92 2274 135 2304 id.
158 2277 194 2305 cle
221 2277 285 2315 Off.
307 2276 383 2305 Lib.
408 2276 473 2306 111.
497 2286 526 2306 e.
548 2277 576 2307 5.

133 2331 181 2368 (2)
207 2329 289 2361 Plat.
315 2332 351 2360 de
373 2332 474 2371 Legga
497 2330 574 2361 Lib.
599 2331 661 2361 IX.
686 2343 715 2370 p.
738 2332 810 2361 880.
832 2333 875 2364 D.
897 2334 936 2364 Ε.

136 2381 181 2421 (5)
208 2382 287 2412 mat.
310 2382 330 2412 1.
345 2382 367 2412 l.
390 2381 465 2412 Lib.
487 2381 546 2413 1V.
569 2394 601 2422 p.
624 2383 693 2424 705.
719 2385 755 2415 E.
777 2386 846 2425 706.
872 2389 912 2419 Α,
