<?xml version="1.0" encoding="UTF-8"?>
<!DOCTYPE html PUBLIC "-//W3C//DTD XHTML 1.0 Transitional//EN"
    "http://www.w3.org/TR/xhtml1/DTD/xhtml1-transitional.dtd">
<html xmlns="http://www.w3.org/1999/xhtml" xml:lang="en" lang="en">
 <head>
  <title>
</title>
<meta http-equiv="Content-Type" content="text/html;charset=utf-8" />
  <meta name='ocr-system' content='tesseract 3.04.00' />
  <meta name='ocr-capabilities' content='ocr_page ocr_carea ocr_par ocr_line ocrx_word'/>
</head>
<body>
  <div class='ocr_page' id='page_1' title='image "annalesacademiae36acad_0458.png"; bbox 0 0 1492 2896; ppageno 0'>
   <div class='ocr_carea' id='block_1_1' title="bbox 254 245 953 295">
    <p class='ocr_par' dir='ltr' id='par_1_1' title="bbox 254 245 953 295">
     <span class='ocr_line' id='line_1_1' title="bbox 254 245 953 295; baseline 0 -11"><span class='ocrx_word' id='word_1_1' title='bbox 254 257 322 284; x_wconf 74' lang='lat'>120</span> <span class='ocrx_word' id='word_1_2' title='bbox 638 245 953 295; x_wconf 83' lang='lat' dir='ltr'>DISQUlSITIO</span> 
     </span>
    </p>
   </div>
   <div class='ocr_carea' id='block_1_2' title="bbox 254 353 1369 1930">
    <p class='ocr_par' dir='ltr' id='par_1_2' title="bbox 254 353 1369 1930">
     <span class='ocr_line' id='line_1_2' title="bbox 257 353 1355 402; baseline 0.003 -13"><span class='ocrx_word' id='word_1_3' title='bbox 257 353 356 399; x_wconf 74' lang='lat' dir='ltr'>„ubi</span> <span class='ocrx_word' id='word_1_4' title='bbox 392 354 528 398; x_wconf 73' lang='lat' dir='ltr'>regium</span> <span class='ocrx_word' id='word_1_5' title='bbox 565 355 782 401; x_wconf 76' lang='lat' dir='ltr'>imperium,</span> <span class='ocrx_word' id='word_1_6' title='bbox 818 356 918 402; x_wconf 87' lang='lat' dir='ltr'>quod</span> <span class='ocrx_word' id='word_1_7' title='bbox 951 355 1056 392; x_wconf 82' lang='lat' dir='ltr'>initio</span> <span class='ocrx_word' id='word_1_8' title='bbox 1086 355 1355 393; x_wconf 79' lang='lat' dir='ltr'>conservandae</span> 
     </span>
     <span class='ocr_line' id='line_1_3' title="bbox 255 423 1354 471; baseline 0.001 -12"><span class='ocrx_word' id='word_1_9' title='bbox 255 423 434 460; x_wconf 75' lang='lat' dir='ltr'>libertatis</span> <span class='ocrx_word' id='word_1_10' title='bbox 459 433 570 470; x_wconf 82' lang='lat' dir='ltr'>atque</span> <span class='ocrx_word' id='word_1_11' title='bbox 598 424 781 471; x_wconf 83' lang='lat' dir='ltr'>augendae</span> <span class='ocrx_word' id='word_1_12' title='bbox 808 424 1028 471; x_wconf 78' lang='lat' dir='ltr'>reipublicae</span> <span class='ocrx_word' id='word_1_13' title='bbox 1053 423 1170 462; x_wconf 88' lang='lat' dir='ltr'>fuerat</span> <span class='ocrx_word' id='word_1_14' title='bbox 1189 451 1201 471; x_wconf 83' lang='lat'>,</span> <span class='ocrx_word' id='word_1_15' title='bbox 1229 424 1266 461; x_wconf 91' lang='lat' dir='ltr'>in</span> <span class='ocrx_word' id='word_1_16' title='bbox 1291 435 1354 460; x_wconf 91' lang='lat' dir='ltr'>su-</span> 
     </span>
     <span class='ocr_line' id='line_1_4' title="bbox 254 491 1356 540; baseline 0.002 -12"><span class='ocrx_word' id='word_1_17' title='bbox 254 491 416 538; x_wconf 85' lang='lat' dir='ltr'>perbiam</span> <span class='ocrx_word' id='word_1_18' title='bbox 441 492 803 540; x_wconf 77' lang='lat' dir='ltr'>dominationemque</span> <span class='ocrx_word' id='word_1_19' title='bbox 823 494 1034 539; x_wconf 81' lang='lat' dir='ltr'>convertit,</span> <span class='ocrx_word' id='word_1_20' title='bbox 1058 493 1249 531; x_wconf 84' lang='lat' dir='ltr'>immutato</span> <span class='ocrx_word' id='word_1_21' title='bbox 1276 504 1356 530; x_wconf 89' lang='lat' dir='ltr'>rno-</span> 
     </span>
     <span class='ocr_line' id='line_1_5' title="bbox 255 561 1353 610; baseline 0.004 -13"><span class='ocrx_word' id='word_1_22' title='bbox 255 572 318 607; x_wconf 81' lang='lat' dir='ltr'>re,</span> <span class='ocrx_word' id='word_1_23' title='bbox 342 571 459 598; x_wconf 87' lang='lat' dir='ltr'>annua</span> <span class='ocrx_word' id='word_1_24' title='bbox 479 561 628 610; x_wconf 82' lang='lat' dir='ltr'>imperia</span> <span class='ocrx_word' id='word_1_25' title='bbox 652 562 835 610; x_wconf 89' lang='lat' dir='ltr'>binosque</span> <span class='ocrx_word' id='word_1_26' title='bbox 856 563 1095 609; x_wconf 84' lang='lat' dir='ltr'>Imperatores</span> <span class='ocrx_word' id='word_1_27' title='bbox 1119 563 1191 606; x_wconf 89' lang='lat' dir='ltr'>sibi</span> <span class='ocrx_word' id='word_1_28' title='bbox 1210 562 1353 610; x_wconf 78' lang='lat' dir='ltr'>fecere3</span> 
     </span>
     <span class='ocr_line' id='line_1_6' title="bbox 257 631 1360 680; baseline 0.001 -12"><span class='ocrx_word' id='word_1_29' title='bbox 257 641 302 668; x_wconf 91' lang='lat' dir='ltr'>eo</span> <span class='ocrx_word' id='word_1_30' title='bbox 328 632 439 668; x_wconf 89' lang='lat' dir='ltr'>modo</span> <span class='ocrx_word' id='word_1_31' title='bbox 466 631 627 668; x_wconf 87' lang='lat' dir='ltr'>minume</span> <span class='ocrx_word' id='word_1_32' title='bbox 656 644 768 680; x_wconf 85' lang='lat' dir='ltr'>posse</span> <span class='ocrx_word' id='word_1_33' title='bbox 794 633 970 680; x_wconf 83' lang='lat' dir='ltr'>putabant</span> <span class='ocrx_word' id='word_1_34' title='bbox 998 643 1061 679; x_wconf 87' lang='lat' dir='ltr'>per</span> <span class='ocrx_word' id='word_1_35' title='bbox 1093 632 1275 677; x_wconf 83' lang='lat' dir='ltr'>licentiam</span> <span class='ocrx_word' id='word_1_36' title='bbox 1304 631 1360 669; x_wconf 91' lang='lat' dir='ltr'>in·</span> 
     </span>
     <span class='ocr_line' id='line_1_7' title="bbox 257 701 1361 753; baseline 0.001 -16"><span class='ocrx_word' id='word_1_37' title='bbox 257 701 440 738; x_wconf 78' lang='lat' dir='ltr'>solescere</span> <span class='ocrx_word' id='word_1_38' title='bbox 473 701 633 738; x_wconf 78' lang='lat' dir='ltr'>animum</span> <span class='ocrx_word' id='word_1_39' title='bbox 671 702 898 739; x_wconf 79' lang='lat' dir='ltr'>liumanum&#39;’</span> <span class='ocrx_word' id='word_1_40' title='bbox 933 701 1018 753; x_wconf 85' lang='lat'>(1).</span> <span class='ocrx_word' id='word_1_41' title='bbox 1070 701 1124 740; x_wconf 94' lang='lat' dir='ltr'>Ut</span> <span class='ocrx_word' id='word_1_42' title='bbox 1154 709 1274 741; x_wconf 87' lang='lat' dir='ltr'>autem</span> <span class='ocrx_word' id='word_1_43' title='bbox 1303 711 1361 738; x_wconf 88' lang='lat' dir='ltr'>re·</span> 
     </span>
     <span class='ocr_line' id='line_1_8' title="bbox 256 768 1359 824; baseline 0.001 -18"><span class='ocrx_word' id='word_1_44' title='bbox 256 768 329 815; x_wconf 78' lang='lat' dir='ltr'>fert</span> <span class='ocrx_word' id='word_1_45' title='bbox 367 769 525 808; x_wconf 87' lang='lat' dir='ltr'>Livius:</span> <span class='ocrx_word' id='word_1_46' title='bbox 596 770 836 818; x_wconf 80' lang='lat' dir='ltr'>„Libertatis</span> <span class='ocrx_word' id='word_1_47' title='bbox 863 771 1049 817; x_wconf 82' lang='lat' dir='ltr'>‚originem</span> <span class='ocrx_word' id='word_1_48' title='bbox 1092 770 1177 808; x_wconf 90' lang='lat' dir='ltr'>inde</span> <span class='ocrx_word' id='word_1_49' title='bbox 1216 769 1359 824; x_wconf 79' lang='lat' dir='ltr'>magiS,</span> 
     </span>
     <span class='ocr_line' id='line_1_9' title="bbox 259 839 1358 888; baseline 0.003 -13"><span class='ocrx_word' id='word_1_50' title='bbox 259 839 343 884; x_wconf 87' lang='lat' dir='ltr'>quia</span> <span class='ocrx_word' id='word_1_51' title='bbox 363 850 523 876; x_wconf 80' lang='lat' dir='ltr'>annuum</span> <span class='ocrx_word' id='word_1_52' title='bbox 548 839 739 888; x_wconf 84' lang='lat' dir='ltr'>imperium</span> <span class='ocrx_word' id='word_1_53' title='bbox 759 842 952 878; x_wconf 85' lang='lat' dir='ltr'>consulare</span> <span class='ocrx_word' id='word_1_54' title='bbox 978 840 1114 878; x_wconf 85' lang='lat' dir='ltr'>factum</span> <span class='ocrx_word' id='word_1_55' title='bbox 1140 849 1217 886; x_wconf 88' lang='lat' dir='ltr'>est,</span> <span class='ocrx_word' id='word_1_56' title='bbox 1248 850 1358 887; x_wconf 82' lang='lat' dir='ltr'>quam</span> 
     </span>
     <span class='ocr_line' id='line_1_10' title="bbox 259 908 1359 959; baseline 0.003 -16"><span class='ocrx_word' id='word_1_57' title='bbox 259 909 362 954; x_wconf 85' lang='lat' dir='ltr'>quod</span> <span class='ocrx_word' id='word_1_58' title='bbox 393 908 619 947; x_wconf 88' lang='lat' dir='ltr'>deminutum</span> <span class='ocrx_word' id='word_1_59' title='bbox 658 910 851 957; x_wconf 80' lang='lat' dir='ltr'>quicquam</span> <span class='ocrx_word' id='word_1_60' title='bbox 880 910 929 947; x_wconf 87' lang='lat' dir='ltr'>sit</span> <span class='ocrx_word' id='word_1_61' title='bbox 955 922 999 947; x_wconf 88' lang='lat' dir='ltr'>ex</span> <span class='ocrx_word' id='word_1_62' title='bbox 1025 910 1120 959; x_wconf 84' lang='lat' dir='ltr'>regia</span> <span class='ocrx_word' id='word_1_63' title='bbox 1146 917 1359 959; x_wconf 80' lang='lat' dir='ltr'>potestate,</span> 
     </span>
     <span class='ocr_line' id='line_1_11' title="bbox 258 978 1360 1029; baseline 0.002 -15"><span class='ocrx_word' id='word_1_64' title='bbox 258 987 443 1016; x_wconf 85' lang='lat' dir='ltr'>numeres.</span> <span class='ocrx_word' id='word_1_65' title='bbox 498 978 632 1016; x_wconf 87' lang='lat' dir='ltr'>Omnia</span> <span class='ocrx_word' id='word_1_66' title='bbox 658 980 766 1029; x_wconf 86' lang='lat' dir='ltr'>jura,</span> <span class='ocrx_word' id='word_1_67' title='bbox 799 982 920 1017; x_wconf 89' lang='lat' dir='ltr'>omnia</span> <span class='ocrx_word' id='word_1_68' title='bbox 940 980 1097 1029; x_wconf 87' lang='lat' dir='ltr'>insignia</span> <span class='ocrx_word' id='word_1_69' title='bbox 1122 978 1229 1028; x_wconf 83' lang='lat' dir='ltr'>primi</span> <span class='ocrx_word' id='word_1_70' title='bbox 1255 979 1360 1017; x_wconf 86' lang='lat' dir='ltr'>Con·</span> 
     </span>
     <span class='ocr_line' id='line_1_12' title="bbox 261 1046 1362 1096; baseline 0 -13"><span class='ocrx_word' id='word_1_71' title='bbox 261 1048 361 1084; x_wconf 85' lang='lat' dir='ltr'>sules</span> <span class='ocrx_word' id='word_1_72' title='bbox 390 1056 564 1086; x_wconf 89' lang='lat' dir='ltr'>tenuere:</span> <span class='ocrx_word' id='word_1_73' title='bbox 602 1049 639 1087; x_wconf 90' lang='lat' dir='ltr'>id</span> <span class='ocrx_word' id='word_1_74' title='bbox 671 1051 781 1088; x_wconf 77' lang='lat' dir='ltr'>modo</span> <span class='ocrx_word' id='word_1_75' title='bbox 804 1060 950 1088; x_wconf 85' lang='lat' dir='ltr'>cautum</span> <span class='ocrx_word' id='word_1_76' title='bbox 978 1060 1061 1096; x_wconf 87' lang='lat' dir='ltr'>est,</span> <span class='ocrx_word' id='word_1_77' title='bbox 1095 1060 1166 1095; x_wconf 91' lang='lat' dir='ltr'>ne,</span> <span class='ocrx_word' id='word_1_78' title='bbox 1197 1048 1229 1089; x_wconf 85' lang='lat' dir='ltr'>si</span> <span class='ocrx_word' id='word_1_79' title='bbox 1253 1046 1362 1085; x_wconf 89' lang='lat' dir='ltr'>ambo</span> 
     </span>
     <span class='ocr_line' id='line_1_13' title="bbox 261 1113 1358 1165; baseline -0.001 -13"><span class='ocrx_word' id='word_1_80' title='bbox 261 1114 379 1153; x_wconf 81' lang='lat' dir='ltr'>fasces</span> <span class='ocrx_word' id='word_1_81' title='bbox 415 1117 616 1163; x_wconf 80' lang='lat' dir='ltr'>haberent,</span> <span class='ocrx_word' id='word_1_82' title='bbox 654 1119 862 1165; x_wconf 87' lang='lat' dir='ltr'>duplicatus</span> <span class='ocrx_word' id='word_1_83' title='bbox 896 1127 1012 1155; x_wconf 89' lang='lat' dir='ltr'>terror</span> <span class='ocrx_word' id='word_1_84' title='bbox 1039 1115 1248 1155; x_wconf 87' lang='lat' dir='ltr'>vide1·etur&#39;’</span> <span class='ocrx_word' id='word_1_85' title='bbox 1273 1113 1358 1162; x_wconf 83' lang='lat'><em>(2).</em></span> 
     </span>
     <span class='ocr_line' id='line_1_14' title="bbox 260 1184 1364 1234; baseline -0.001 -12"><span class='ocrx_word' id='word_1_86' title='bbox 260 1186 385 1234; x_wconf 83' lang='lat' dir='ltr'>Quum</span> <span class='ocrx_word' id='word_1_87' title='bbox 417 1186 529 1234; x_wconf 87' lang='lat' dir='ltr'>igitur</span> <span class='ocrx_word' id='word_1_88' title='bbox 559 1187 757 1234; x_wconf 85' lang='lat' dir='ltr'>quotannis</span> <span class='ocrx_word' id='word_1_89' title='bbox 790 1187 878 1225; x_wconf 91' lang='lat' dir='ltr'>novi</span> <span class='ocrx_word' id='word_1_90' title='bbox 912 1196 1120 1225; x_wconf 81' lang='lat' dir='ltr'>crearentur</span> <span class='ocrx_word' id='word_1_91' title='bbox 1147 1184 1364 1230; x_wconf 83' lang='lat' dir='ltr'>Consules,</span> 
     </span>
     <span class='ocr_line' id='line_1_15' title="bbox 260 1253 1365 1303; baseline -0.001 -11"><span class='ocrx_word' id='word_1_92' title='bbox 260 1266 336 1302; x_wconf 84' lang='lat' dir='ltr'>non</span> <span class='ocrx_word' id='word_1_93' title='bbox 363 1257 482 1294; x_wconf 89' lang='lat' dir='ltr'>solum</span> <span class='ocrx_word' id='word_1_94' title='bbox 517 1257 637 1294; x_wconf 84' lang='lat' dir='ltr'>aditus</span> <span class='ocrx_word' id='word_1_95' title='bbox 663 1257 708 1293; x_wconf 88' lang='lat' dir='ltr'>ad</span> <span class='ocrx_word' id='word_1_96' title='bbox 731 1268 896 1294; x_wconf 87' lang='lat' dir='ltr'>summos</span> <span class='ocrx_word' id='word_1_97' title='bbox 926 1257 1086 1297; x_wconf 84' lang='lat' dir='ltr'>honores</span> <span class='ocrx_word' id='word_1_98' title='bbox 1114 1267 1221 1302; x_wconf 84' lang='lat' dir='ltr'>quam</span> <span class='ocrx_word' id='word_1_99' title='bbox 1247 1253 1365 1303; x_wconf 89' lang='lat' dir='ltr'>pluri·</span> 
     </span>
     <span class='ocr_line' id='line_1_16' title="bbox 262 1323 1366 1373; baseline -0.001 -12"><span class='ocrx_word' id='word_1_100' title='bbox 262 1329 330 1363; x_wconf 90' lang='lat' dir='ltr'>mis</span> <span class='ocrx_word' id='word_1_101' title='bbox 365 1327 510 1373; x_wconf 77' lang='lat' dir='ltr'>patuit,</span> <span class='ocrx_word' id='word_1_102' title='bbox 543 1327 606 1363; x_wconf 83' lang='lat' dir='ltr'>sed</span> <span class='ocrx_word' id='word_1_103' title='bbox 634 1326 802 1364; x_wconf 79' lang='lat' dir='ltr'>sublatus</span> <span class='ocrx_word' id='word_1_104' title='bbox 831 1327 936 1364; x_wconf 87' lang='lat' dir='ltr'>etiam</span> <span class='ocrx_word' id='word_1_105' title='bbox 965 1334 1086 1364; x_wconf 87' lang='lat' dir='ltr'>metus</span> <span class='ocrx_word' id='word_1_106' title='bbox 1109 1323 1181 1362; x_wconf 86' lang='lat' dir='ltr'>fuit</span> <span class='ocrx_word' id='word_1_107' title='bbox 1198 1353 1210 1370; x_wconf 87' lang='lat'>‚</span> <span class='ocrx_word' id='word_1_108' title='bbox 1236 1333 1284 1361; x_wconf 87' lang='lat' dir='ltr'>ne</span> <span class='ocrx_word' id='word_1_109' title='bbox 1309 1324 1366 1361; x_wconf 86' lang='lat' dir='ltr'>in·</span> 
     </span>
     <span class='ocr_line' id='line_1_17' title="bbox 262 1393 1366 1444; baseline 0 -12"><span class='ocrx_word' id='word_1_110' title='bbox 262 1397 460 1433; x_wconf 74' lang='lat' dir='ltr'>valesceret</span> <span class='ocrx_word' id='word_1_111' title='bbox 487 1397 694 1435; x_wconf 79' lang='lat' dir='ltr'>Consulum</span> <span class='ocrx_word' id='word_1_112' title='bbox 729 1406 892 1443; x_wconf 85' lang='lat' dir='ltr'>potestas</span> <span class='ocrx_word' id='word_1_113' title='bbox 925 1395 1133 1444; x_wconf 87' lang='lat' dir='ltr'>populique</span> <span class='ocrx_word' id='word_1_114' title='bbox 1158 1393 1366 1441; x_wconf 75' lang='lat' dir='ltr'>aequalitati</span> 
     </span>
     <span class='ocr_line' id='line_1_18' title="bbox 261 1464 1365 1519; baseline 0.001 -19"><span class='ocrx_word' id='word_1_115' title='bbox 261 1464 509 1502; x_wconf 79' lang='lat' dir='ltr'>insidiaretur.</span> <span class='ocrx_word' id='word_1_116' title='bbox 564 1465 684 1504; x_wconf 87' lang='lat' dir='ltr'>Plebis</span> <span class='ocrx_word' id='word_1_117' title='bbox 706 1466 803 1512; x_wconf 29' lang='lat' dir='ltr'>enim,</span> <span class='ocrx_word' id='word_1_118' title='bbox 829 1465 884 1503; x_wconf 90' lang='lat' dir='ltr'>vis</span> <span class='ocrx_word' id='word_1_119' title='bbox 909 1466 954 1503; x_wconf 86' lang='lat' dir='ltr'>ad</span> <span class='ocrx_word' id='word_1_120' title='bbox 979 1466 1050 1511; x_wconf 73' lang='lat' dir='ltr'>hoc</span> <span class='ocrx_word' id='word_1_121' title='bbox 1073 1475 1195 1519; x_wconf 83' lang='lat' dir='ltr'>usque</span> <span class='ocrx_word' id='word_1_122' title='bbox 1218 1473 1365 1511; x_wconf 88' lang='lat' dir='ltr'>tempus</span> 
     </span>
     <span class='ocr_line' id='line_1_19' title="bbox 263 1533 1367 1584; baseline 0.001 -14"><span class='ocrx_word' id='word_1_123' title='bbox 263 1534 395 1580; x_wconf 84' lang='lat' dir='ltr'>exigua</span> <span class='ocrx_word' id='word_1_124' title='bbox 427 1533 503 1571; x_wconf 84' lang='lat' dir='ltr'>fere</span> <span class='ocrx_word' id='word_1_125' title='bbox 538 1534 682 1581; x_wconf 75' lang='lat' dir='ltr'>fuerat,</span> <span class='ocrx_word' id='word_1_126' title='bbox 716 1547 782 1573; x_wconf 88' lang='lat' dir='ltr'>nec</span> <span class='ocrx_word' id='word_1_127' title='bbox 811 1546 1028 1584; x_wconf 85' lang='lat' dir='ltr'>magnopere</span> <span class='ocrx_word' id='word_1_128' title='bbox 1059 1535 1260 1580; x_wconf 85' lang='lat' dir='ltr'>habuerat,</span> <span class='ocrx_word' id='word_1_129' title='bbox 1294 1545 1367 1581; x_wconf 77' lang='lat' dir='ltr'>qua</span> 
     </span>
     <span class='ocr_line' id='line_1_20' title="bbox 263 1604 1364 1647; baseline 0.002 -9"><span class='ocrx_word' id='word_1_130' title='bbox 263 1613 343 1647; x_wconf 80' lang='lat' dir='ltr'>sese</span> <span class='ocrx_word' id='word_1_131' title='bbox 364 1605 634 1641; x_wconf 82' lang='lat' dir='ltr'>commendaret</span> <span class='ocrx_word' id='word_1_132' title='bbox 661 1605 888 1642; x_wconf 67' lang='lat' dir='ltr'>plebeiorum</span> <span class='ocrx_word' id='word_1_133' title='bbox 916 1604 1076 1642; x_wconf 86' lang='lat' dir='ltr'>libertas.</span> <span class='ocrx_word' id='word_1_134' title='bbox 1126 1604 1221 1642; x_wconf 85' lang='lat' dir='ltr'>Huic</span> <span class='ocrx_word' id='word_1_135' title='bbox 1245 1613 1364 1642; x_wconf 87' lang='lat' dir='ltr'>tamen</span> 
     </span>
     <span class='ocr_line' id='line_1_21' title="bbox 266 1672 1363 1721; baseline 0.001 -12"><span class='ocrx_word' id='word_1_136' title='bbox 266 1672 403 1709; x_wconf 86' lang='lat' dir='ltr'>sensim</span> <span class='ocrx_word' id='word_1_137' title='bbox 433 1673 581 1717; x_wconf 84' lang='lat' dir='ltr'>consuli</span> <span class='ocrx_word' id='word_1_138' title='bbox 607 1674 731 1721; x_wconf 85' lang='lat' dir='ltr'>coepit</span> <span class='ocrx_word' id='word_1_139' title='bbox 760 1674 938 1721; x_wconf 85' lang='lat' dir='ltr'>imprimis</span> <span class='ocrx_word' id='word_1_140' title='bbox 966 1673 1129 1711; x_wconf 83' lang='lat' dir='ltr'>creandis</span> <span class='ocrx_word' id='word_1_141' title='bbox 1158 1673 1363 1718; x_wconf 75' lang='lat' dir='ltr'>Tribunis,</span> 
     </span>
     <span class='ocr_line' id='line_1_22' title="bbox 266 1741 1364 1789; baseline 0.004 -13"><span class='ocrx_word' id='word_1_142' title='bbox 266 1741 331 1788; x_wconf 87' lang='lat' dir='ltr'>qui</span> <span class='ocrx_word' id='word_1_143' title='bbox 366 1751 495 1788; x_wconf 81' lang='lat' dir='ltr'>postea</span> <span class='ocrx_word' id='word_1_144' title='bbox 529 1743 749 1779; x_wconf 78' lang='lat' dir='ltr'>sacrosancti</span> <span class='ocrx_word' id='word_1_145' title='bbox 784 1742 887 1779; x_wconf 85' lang='lat' dir='ltr'>etiam</span> <span class='ocrx_word' id='word_1_146' title='bbox 913 1742 1025 1789; x_wconf 77' lang='lat' dir='ltr'>facti,</span> <span class='ocrx_word' id='word_1_147' title='bbox 1059 1743 1222 1784; x_wconf 85' lang='lat' dir='ltr'>vindices</span> <span class='ocrx_word' id='word_1_148' title='bbox 1245 1743 1364 1780; x_wconf 89' lang='lat' dir='ltr'>Plebis</span> 
     </span>
     <span class='ocr_line' id='line_1_23' title="bbox 266 1811 1369 1861; baseline 0.003 -15"><span class='ocrx_word' id='word_1_149' title='bbox 266 1811 487 1848; x_wconf 73' lang='lat' dir='ltr'>exstiterunt</span> <span class='ocrx_word' id='word_1_150' title='bbox 516 1811 637 1849; x_wconf 82' lang='lat' dir='ltr'>eximii</span> <span class='ocrx_word' id='word_1_151' title='bbox 676 1813 830 1860; x_wconf 87' lang='lat' dir='ltr'>ejusque</span> <span class='ocrx_word' id='word_1_152' title='bbox 852 1814 934 1861; x_wconf 81' lang='lat' dir='ltr'>jura</span> <span class='ocrx_word' id='word_1_153' title='bbox 961 1813 1131 1849; x_wconf 86' lang='lat' dir='ltr'>acerrime</span> <span class='ocrx_word' id='word_1_154' title='bbox 1157 1823 1369 1860; x_wconf 85' lang='lat' dir='ltr'>propugna-</span> 
     </span>
     <span class='ocr_line' id='line_1_24' title="bbox 267 1881 1368 1930; baseline 0 -12"><span class='ocrx_word' id='word_1_155' title='bbox 267 1890 352 1927; x_wconf 74' lang='lat' dir='ltr'>runt</span> <span class='ocrx_word' id='word_1_156' title='bbox 377 1881 463 1930; x_wconf 83' lang='lat'><strong>(3).</strong></span> <span class='ocrx_word' id='word_1_157' title='bbox 505 1883 642 1928; x_wconf 87' lang='lat' dir='ltr'>Deinde</span> <span class='ocrx_word' id='word_1_158' title='bbox 667 1882 850 1919; x_wconf 85' lang='lat' dir='ltr'>connubia</span> <span class='ocrx_word' id='word_1_159' title='bbox 874 1883 959 1920; x_wconf 88' lang='lat' dir='ltr'>item</span> <span class='ocrx_word' id='word_1_160' title='bbox 983 1893 1064 1919; x_wconf 84' lang='lat' dir='ltr'>curn</span> <span class='ocrx_word' id='word_1_161' title='bbox 1088 1882 1253 1920; x_wconf 84' lang='lat' dir='ltr'>Patriciis</span> <span class='ocrx_word' id='word_1_162' title='bbox 1278 1882 1368 1927; x_wconf 85' lang='lat' dir='ltr'>inire</span> 
     </span>
    </p>
   </div>
   <div class='ocr_carea' id='block_1_3' title="bbox 1290 1952 1369 1993">
    <p class='ocr_par' dir='ltr' id='par_1_3' title="bbox 1290 1952 1369 1993">
     <span class='ocr_line' id='line_1_25' title="bbox 1290 1952 1369 1993; baseline -0.025 -3"><span class='ocrx_word' id='word_1_163' title='bbox 1290 1952 1369 1993; x_wconf 73' lang='lat' dir='ltr'>Ple..</span> 
     </span>
    </p>
   </div>
   <div class='ocr_carea' id='block_1_4' title="bbox 268 2026 1368 2279">
    <p class='ocr_par' dir='ltr' id='par_1_4' title="bbox 309 2026 741 2066">
     <span class='ocr_line' id='line_1_26' title="bbox 309 2026 741 2066; baseline 0 -9"><span class='ocrx_word' id='word_1_164' title='bbox 309 2029 355 2066; x_wconf 85' lang='grc' dir='ltr'>(ι)</span> <span class='ocrx_word' id='word_1_165' title='bbox 383 2026 514 2057; x_wconf 77' lang='lat' dir='ltr'>Sallust.</span> <span class='ocrx_word' id='word_1_166' title='bbox 537 2029 578 2058; x_wconf 88' lang='grc' dir='ltr'>Β.</span> <span class='ocrx_word' id='word_1_167' title='bbox 606 2029 641 2057; x_wconf 83' lang='grc'>0.</span> <span class='ocrx_word' id='word_1_168' title='bbox 661 2037 690 2057; x_wconf 88' lang='lat' dir='ltr'>c.</span> <span class='ocrx_word' id='word_1_169' title='bbox 711 2028 741 2058; x_wconf 88' lang='grc'>6.</span> 
     </span>
    </p>

    <p class='ocr_par' dir='ltr' id='par_1_5' title="bbox 311 2078 840 2121">
     <span class='ocr_line' id='line_1_27' title="bbox 311 2078 840 2121; baseline 0.002 -12"><span class='ocrx_word' id='word_1_170' title='bbox 311 2081 358 2121; x_wconf 82' lang='lat'>(2)</span> <span class='ocrx_word' id='word_1_171' title='bbox 381 2078 457 2111; x_wconf 79' lang='lat' dir='ltr'>Liv.</span> <span class='ocrx_word' id='word_1_172' title='bbox 479 2082 573 2111; x_wconf 74' lang='lat' dir='ltr'>Hist.</span> <span class='ocrx_word' id='word_1_173' title='bbox 595 2080 670 2110; x_wconf 87' lang='lat' dir='ltr'>Lib.</span> <span class='ocrx_word' id='word_1_174' title='bbox 692 2081 738 2110; x_wconf 86' lang='lat'>11.</span> <span class='ocrx_word' id='word_1_175' title='bbox 760 2091 788 2110; x_wconf 85' lang='lat' dir='ltr'>c.</span> <span class='ocrx_word' id='word_1_176' title='bbox 811 2091 840 2111; x_wconf 81' lang='grc' dir='ltr'>ι.</span> 
     </span>
    </p>

    <p class='ocr_par' dir='ltr' id='par_1_6' title="bbox 268 2132 1368 2279">
     <span class='ocr_line' id='line_1_28' title="bbox 310 2132 1368 2173; baseline 0 -11"><span class='ocrx_word' id='word_1_177' title='bbox 310 2132 359 2172; x_wconf 81' lang='grc'>(5)</span> <span class='ocrx_word' id='word_1_178' title='bbox 391 2133 428 2162; x_wconf 87' lang='lat' dir='ltr'>ln</span> <span class='ocrx_word' id='word_1_179' title='bbox 456 2132 515 2163; x_wconf 77' lang='lat' dir='ltr'>hac</span> <span class='ocrx_word' id='word_1_180' title='bbox 540 2133 759 2164; x_wconf 75' lang='lat' dir='ltr'>Tribunorum</span> <span class='ocrx_word' id='word_1_181' title='bbox 791 2133 896 2163; x_wconf 84' lang='lat' dir='ltr'>Plebis</span> <span class='ocrx_word' id='word_1_182' title='bbox 928 2134 1088 2163; x_wconf 78' lang='lat' dir='ltr'>creatione</span> <span class='ocrx_word' id='word_1_183' title='bbox 1123 2136 1186 2173; x_wconf 70' lang='lat' dir='ltr'>jam</span> <span class='ocrx_word' id='word_1_184' title='bbox 1211 2133 1368 2163; x_wconf 85' lang='lat' dir='ltr'>cernimus</span> 
     </span>
     <span class='ocr_line' id='line_1_29' title="bbox 268 2185 1368 2226; baseline 0.001 -11"><span class='ocrx_word' id='word_1_185' title='bbox 268 2185 503 2224; x_wconf 72' lang='lat' dir='ltr'>quodammodo</span> <span class='ocrx_word' id='word_1_186' title='bbox 531 2186 619 2216; x_wconf 81' lang='lat' dir='ltr'>illius</span> <span class='ocrx_word' id='word_1_187' title='bbox 646 2187 773 2225; x_wconf 86' lang='lat' dir='ltr'>imperii</span> <span class='ocrx_word' id='word_1_188' title='bbox 799 2187 910 2223; x_wconf 79' lang='lat' dir='ltr'>initia,</span> <span class='ocrx_word' id='word_1_189' title='bbox 940 2186 1027 2226; x_wconf 86' lang='lat' dir='ltr'>quod</span> <span class='ocrx_word' id='word_1_190' title='bbox 1055 2186 1139 2225; x_wconf 81' lang='lat' dir='ltr'>apud</span> <span class='ocrx_word' id='word_1_191' title='bbox 1164 2185 1368 2217; x_wconf 74' lang='lat' dir='ltr'>Germanicas</span> 
     </span>
     <span class='ocr_line' id='line_1_30' title="bbox 268 2238 1368 2279; baseline 0.005 -13"><span class='ocrx_word' id='word_1_192' title='bbox 268 2243 375 2277; x_wconf 69' lang='lat' dir='ltr'>gentes</span> <span class='ocrx_word' id='word_1_193' title='bbox 395 2238 534 2268; x_wconf 78' lang='lat' dir='ltr'>obtinuit</span> <span class='ocrx_word' id='word_1_194' title='bbox 555 2244 587 2268; x_wconf 80' lang='lat' dir='ltr'>et</span> <span class='ocrx_word' id='word_1_195' title='bbox 608 2242 924 2279; x_wconf 71' lang='lat' dir='ltr'>repraesentativum</span> <span class='ocrx_word' id='word_1_196' title='bbox 944 2241 1051 2271; x_wconf 82' lang='lat' dir='ltr'>vocari</span> <span class='ocrx_word' id='word_1_197' title='bbox 1071 2240 1163 2270; x_wconf 84' lang='lat' dir='ltr'>solet.</span> <span class='ocrx_word' id='word_1_198' title='bbox 1207 2239 1284 2271; x_wconf 80' lang='lat' dir='ltr'>vid.</span> <span class='ocrx_word' id='word_1_199' title='bbox 1309 2239 1368 2271; x_wconf 78' lang='lat' dir='ltr'>hac</span> 
     </span>
    </p>
   </div>
   <div class='ocr_carea' id='block_1_5' title="bbox 269 2290 1367 2384">
    <p class='ocr_par' dir='ltr' id='par_1_7' title="bbox 269 2290 1367 2384">
     <span class='ocr_line' id='line_1_31' title="bbox 269 2290 1367 2335; baseline 0.005 -16"><span class='ocrx_word' id='word_1_200' title='bbox 269 2291 310 2319; x_wconf 75' lang='lat' dir='ltr'>de</span> <span class='ocrx_word' id='word_1_201' title='bbox 330 2300 364 2319; x_wconf 85' lang='lat' dir='ltr'>re</span> <span class='ocrx_word' id='word_1_202' title='bbox 384 2290 473 2323; x_wconf 78' lang='lat' dir='ltr'>doct,</span> <span class='ocrx_word' id='word_1_203' title='bbox 496 2290 632 2322; x_wconf 79' lang='lat' dir='ltr'>Scheers</span> <span class='ocrx_word' id='word_1_204' title='bbox 658 2302 718 2322; x_wconf 76' lang='lat' dir='ltr'>vnn</span> <span class='ocrx_word' id='word_1_205' title='bbox 745 2292 993 2332; x_wconf 77' lang='lat' dir='ltr'>Harencarspel,</span> <span class='ocrx_word' id='word_1_206' title='bbox 1022 2295 1060 2323; x_wconf 82' lang='lat' dir='ltr'>de</span> <span class='ocrx_word' id='word_1_207' title='bbox 1086 2294 1174 2324; x_wconf 81' lang='lat' dir='ltr'>Trib.</span> <span class='ocrx_word' id='word_1_208' title='bbox 1197 2294 1293 2327; x_wconf 80' lang='lat' dir='ltr'>Pleb.</span> <span class='ocrx_word' id='word_1_209' title='bbox 1313 2305 1367 2335; x_wconf 80' lang='lat' dir='ltr'>ap.</span> 
     </span>
     <span class='ocr_line' id='line_1_32' title="bbox 275 2345 719 2384; baseline 0.002 -11"><span class='ocrx_word' id='word_1_210' title='bbox 275 2345 363 2373; x_wconf 67' lang='lat' dir='ltr'>Hom.</span> <span class='ocrx_word' id='word_1_211' title='bbox 388 2345 496 2373; x_wconf 72' lang='lat' dir='ltr'>iaz-stit.</span> <span class='ocrx_word' id='word_1_212' title='bbox 521 2353 554 2382; x_wconf 85' lang='lat' dir='ltr'>p.</span> <span class='ocrx_word' id='word_1_213' title='bbox 575 2345 625 2384; x_wconf 76' lang='lat'>89.</span> <span class='ocrx_word' id='word_1_214' title='bbox 649 2355 719 2384; x_wconf 80' lang='lat' dir='ltr'>sqq.</span> 
     </span>
    </p>
   </div>
  </div>
 </body>
</html>
