1492 2896
214 308 217 309 γ
247 245 318 298 124
645 240 961 296 msQuismo

246 356 413 408 Apollini
451 353 634 404 Delphico
670 355 766 392 mitti
803 362 1022 403 oporteret,
1054 363 1175 402 neque
1207 353 1349 392 emend-i

244 431 323 478 ejus
359 426 512 465 facultas
557 435 679 472 esset,
715 424 927 472 matronae,
972 423 1143 463 coetibus
1180 424 1224 463 ad
1269 434 1348 461 eam

245 504 317 536 'rem
343 496 620 535 consultandam
648 494 811 540 habitis,
840 502 877 531 et
902 493 1087 532 communi
1102 495 1248 532 decreto
1267 494 1350 542 pol-

243 569 364 608 licitae
405 567 586 606 Tribunis
624 566 783 603 militum
823 575 953 602 aurntn
1001 572 1040 601 et
1086 564 1208 602 onmia
1245 573 1353 601 orna-

246 632 367 680 menta
401 649 494 685 sua,
531 637 570 676 in
598 636 771 674 aerarium
806 635 1014 672 detulerunt
1045 633 1128 682 (ι).
1190 634 1244 672 Ita
1282 633 1353 672 viri

247 711 423 757 militiae,
447 709 545 746 dorni
568 707 723 745 feminae
738 734 750 752 ‚
782 715 910 742 omnes
937 702 1181 741 communiter
1205 714 1249 741 eo
1273 712 1353 741 ten-

245 781 405 826 debant,
437 787 476 817 ut
508 778 629 825 quoad
666 776 746 825 ejus
782 773 860 813 fieri
900 782 1030 822 posset
1066 773 1206 811 viribus
1241 781 1354 819 atque

244 849 382 898 opibus
421 858 497 885 rem
546 845 698 895 patriam
739 843 976 882 defenderent
1018 851 1053 881 et
1088 850 1350 881 sustentarent.

245 919 431 970 Quocirca
462 917 646 965 pessimos
673 926 844 963 quosque
874 913 975 951 cives
1008 923 1263 960 novarumque
1297 924 1353 950 re·

247 1001 327 1027 rum
363 987 556 1026 studiosos
598 985 729 1022 ultimo
770 982 959 1032 supplicio
996 981 1108 1031 plecti
1147 980 1353 1027 malebant,

247 1069 354 1106 quam
387 1056 533 1105 patine
569 1053 658 1102 quid
693 1053 776 1091 inde
810 1052 1018 1100 respublica
1052 1050 1260 1089 detrimenti
1294 1061 1354 1088 ca-

247 1136 375 1174 peret,
412 1135 525 1172 quum
553 1122 704 1171 penitus
727 1132 943 1170 persuasum
971 1119 1062 1169 ipsis
1088 1128 1214 1166 esset,
1242 1120 1354 1157 mori-

247 1197 312 1235 bus
339 1195 501 1245 antiquis
529 1205 603 1230 rem
631 1201 732 1229 stare
757 1191 966 1229 Romanam
989 1191 1165 1239 virisque
1203 1189 1353 1239 Quibus

249 1265 423 1303 omnibus
451 1262 620 1300 effectum
652 1270 732 1305 est,
773 1270 814 1298 ut
842 1269 1054 1309 gererentur
1080 1259 1202 1297 omnia
1227 1269 1355 1297 aucto-

251 1336 356 1374 ritate
384 1343 452 1371 tam
490 1331 623 1381 Populi
655 1342 765 1378 quam
795 1331 981 1376 Senatus,
1023 1330 1260 1368 invalesceret
1292 1342 1355 1379 pa-

248 1405 336 1444 riter
373 1404 541 1452 majestas
581 1403 736 1439 Senatus
783 1400 993 1448 Populique
1041 1400 1218 1438 Romani.
1283 1400 1354 1438 Sed

250 1486 380 1524 operae
399 1473 554 1523 pretium
577 1481 634 1509 est
653 1481 794 1508 morum
820 1471 918 1518 apud
944 1470 1134 1507 Romanos
1161 1470 1354 1519 pristinam

248 1545 526 1591 conditionem,
566 1544 706 1593 quippe
741 1555 824 1581 cuin
861 1544 980 1590 legum
1017 1544 1120 1581 cultu
1152 1541 1356 1579 arctissime

249 1617 503 1654 cohaerentem
521 1643 532 1660 ,
561 1613 769 1651 accuratius
795 1613 988 1661 explicare.

299 1687 446 1735 Quodsi
492 1695 690 1732 utrumque
729 1682 911 1732 egregium
953 1682 1114 1720 Sallustii
1150 1693 1246 1730 opus
1273 1691 1358 1729 per·

249 1757 382 1805 legeris
422 1754 679 1804 imprimisque
719 1755 916 1791 attenderis
955 1752 1175 1801 prooemia,
1213 1751 1355 1789 fontem

252 1827 432 1866 inveneris
455 1825 694 1874 primarium,
721 1825 817 1861 unde
842 1823 1012 1860 moralem
1041 1823 1171 1870 populi
1198 1820 1358 1859 Romani

254 1896 502 1936 conditionem
539 1904 611 1932 tam
646 1895 793 1941 vigente
835 1905 940 1940 quam
988 1892 1131 1931 labente
1174 1891 1360 1940 republica

252 1971 347 2006 clare
384 1965 599 2016 perspicias,
653 1963 806 2010 Nobis,
842 1964 897 2000 uti
937 1965 1041 2001 etiam
1077 1962 1264 2010 posthac,
1304 1961 1359 1999 sic

252 2040 324 2076 boc
360 2039 444 2073 loco
482 2036 639 2073 multum
671 2034 754 2071 inde
789 2033 967 2081 proficere
1000 2033 1099 2069 licet.
1169 2030 1218 2067 Ut
1248 2029 1360 2078 igitur

246 2115 382 2143 auctor
410 2106 590 2153 expulsos
619 2103 738 2151 Reges
766 2112 984 2149 creatosque
1012 2101 1199 2139 Consules
1225 2111 1359 2147 aequa-

256 2176 367 2213 litatis
394 2175 668 2223 promovendae
694 2173 806 2220 gratia
840 2174 965 2220 paucis
997 2170 1238 2217 memoravit,
1271 2169 1362 2208 inci-

1306 2240 1360 2277 dit

299 2310 342 2346 (r)
367 2305 443 2338 Liv.
478 2307 569 2336 Hf'sr.
605 2305 681 2335 Lib.
716 2305 753 2335 v.
785 2316 811 2333 e.
844 2305 892 2336 25.
935 2304 985 2334 Cf.
1013 2302 1083 2331 vai.
1106 2299 1192 2331 Max.
1216 2301 1290 2333 Lib.
1313 2302 1357 2332 V.

258 2372 284 2391 c.
309 2362 337 2390 [ἶ.
362 2363 389 2402 j
417 2361 445 2389 ὃ.
