1492 2896
272 262 322 297 94
675 248 996 299 Disouist'rio

272 364 349 400 θεῖσι
379 363 591 407 γίγνεσθαι,
629 359 710 399 nxffl'
744 360 819 398 ὅσον
853 362 1014 409 ἀνθρώπῳ
1040 362 1097 401 ἐπὶ
1123 367 1292 401 πλεῖστον
1317 359 1384 402 οἷόν

269 431 334 471 τέ’
354 431 436 479 (1).
461 477 465 483 .

322 502 401 538 Nec
437 501 572 547 pietate
607 507 747 536 tantum
786 507 821 534 et
849 496 1026 545 religione
1052 497 1274 536 imbuendos
1300 509 1384 536 esse

269 571 419 609 futuros
458 570 632 607 custodes
671 567 798 605 docuit
835 568 967 613 Plato,
1010 567 1074 605 sed
1111 568 1234 606 omnia
1271 568 1380 607 etiam

268 642 390 680 voluit
422 640 536 678 arceri
573 651 666 687 quae
697 637 863 686 frangere
895 647 1053 686 possent
1090 648 1154 676 aut
1186 638 1380 678 debilitare

269 724 396 750 eorum
434 710 713 755 fortitudinem,
751 708 917 746 veritatis
945 718 1134 754 amorem,
1167 708 1381 757 justitiam,

266 780 570 830 temperantiam3
598 780 706 828 cujus
738 778 884 825 quidem
912 777 1063 815 virtutis
1091 777 1181 816 duas
1203 777 1265 816 ille
1290 790 1383 817 con·

265 852 388 890 stituit
413 859 560 899 partes,
600 848 846 886 obedientiam
872 848 909 884 in
936 847 1170 896 magistratus
1200 857 1235 885 et
1260 847 1377 886 absti-

265 922 424 962 nentiam
448 933 468 959 a
488 919 747 968 voluptatibus
773 919 869 967 (203
900 928 973 965 qua
998 917 1038 954 in
1064 928 1104 954 re
1126 918 1269 966 egregie
1291 929 1379 966 pro-

265 993 365 1034 fecto
391 993 530 1040 duplex
551 990 716 1028 cernitur
739 988 968 1026 educationis
991 987 1048 1025 vis
1063 1015 1077 1034 ‚
1109 995 1152 1024 ut
1174 996 1211 1025 et
1235 988 1377 1036 probos

265 1063 434 1103 homines
469 1071 506 1099 et
544 1072 634 1098 vero
673 1059 818 1107 probos
855 1058 956 1096 cives
993 1057 1138 1096 efficiat.
1192 1057 1379 1107 Quocirca

267 1144 511 1182 quaecunque
547 1131 666 1168 facere
702 1137 862 1177 possunt
901 1129 946 1165 ad
984 1128 1266 1165 imminuendam
1302 1138 1381 1164 ma-

266 1203 483 1254 gistratibus
525 1201 681 1238 debitam
733 1198 1012 1257 reverentiam,
1054 1207 1299 1246 quaecunque
1334 1198 1380 1235 ad

267 1286 377 1323 prava
403 1273 523 1312 studia
548 1271 737 1308 excitanda
767 1277 856 1307 sunt
886 1270 1045 1316 idonea,
1078 1278 1226 1306 summo
1253 1267 1378 1306 studio

262 1345 370 1383 celari
401 1353 537 1391 pueros
573 1340 734 1384 debent,
776 1348 816 1376 ut
855 1339 999 1376 tandem
1038 1349 1111 1376 una
1152 1349 1237 1376 cum
1276 1338 1379 1377 civili

264 1416 438 1453 moralem
475 1411 579 1449 etiam
615 1409 822 1448 libertatem
849 1409 1115 1458 adipiscantur.
1168 1408 1230 1447 Fit
1255 1417 1378 1447 autem

264 1487 336 1524 hoc
377 1484 517 1522 musica
562 1480 771 1528 imprimis,
823 1489 864 1517 ut
897 1491 991 1527 quae
1027 1480 1186 1517 animum
1220 1478 1379 1518 instruat

265 1565 496 1601 exornetque
527 1564 597 1589 suo
635 1551 754 1599 ipsius
791 1559 949 1600 ornatu,
983 1549 1243 1598 temperantia,
1267 1551 1380 1599 justi-

263 1628 337 1673 tia,
366 1624 611 1667 fortitudine,
638 1622 804 1659 libertate
832 1629 868 1658 et
888 1620 1041 1658 veritate
1065 1620 1148 1670 (3).
1215 1621 1284 1658 Uti
1307 1621 1375 1669 igi·

265 1708 326 1734 tur
362 1697 420 1732 lex
460 1692 634 1730 omnibus
674 1691 823 1728 civibus
857 1691 992 1738 pariter
1031 1691 1243 1740 prospicit,
1282 1691 1375 1738 ,ῥῆμα

263 1771 311 1812 εἷς
332 1768 479 1813 §zi-saw
498 1765 633 1805 πάντες
657 1760 761 1809 ὅμοιοι
781 1759 873 1808 ὦμεν
890 1761 950 1799 mai
975 1762 1096 1809 φίλοι,
1124 1763 1173 1810 τῷ
1192 1762 1288 1810 αὐτῷ
1314 1776 1377 1800 κυ-

262 1833 525 1886 βερνώμενοι,”
558 1832 611 1869 sic
645 1841 782 1879 pueros
810 1840 885 1866 non
915 1829 1072 1867 sinimus
1107 1840 1188 1867 esse
1211 1829 1377 1876 liberos,

265 1908 364 1955 „qu
394 1908 438 1947 ἂν
473 1907 507 1945 ἐν
536 1907 656 1947 αὐτοῖς
695 1901 804 1950 ὥςπερ
850 1903 884 1941 ἐν
915 1902 1016 1941 πόλει
1050 1903 1233 1941 πολιτείαν
1257 1917 1374 1941 καιται-

261 1981 469 2025 στήσωμεν,
506 1976 565 2014 uxi
604 1976 643 2012 τὸ
683 1973 873 2019 &emto-‘tw
903 1973 1180 2020 θεραπεύσαντες
1205 1973 1254 2020 τῷ
1287 1974 1373 2019 παρ’

1289 2042 1372 2087 ἡμῖν

303 2144 349 2179 (ι)
379 2140 458 2169 l’lat.
485 2139 522 2168 cle
542 2139 624 2176 Jeep.
647 2135 722 2164 Lib.
749 2135 794 2164 11.
814 2146 846 2174 p.
869 2135 939 2175 379·
965 2137 1004 2164 A.
1030 2150 1061 2156 —
1088 2134 1159 2164 583.
1180 2133 1217 2163 Ο.
1241 2133 1367 2164 Eximie

260 2196 457 2226 Platonicam
482 2192 520 2220 de
548 2200 722 2228 puerorum
748 2190 951 2218 institutione
975 2188 1162 2218 sententiam
1189 2187 1367 2217 adumbra-

260 2253 306 2281 vit
328 2249 379 2281 Cl,
403 2248 464 2276 den
484 2246 574 2280 Tex,
604 2245 703 2283 Dis-st.
735 2245 771 2272 rte
794 2245 826 2271 vi
852 2244 1012 2279 musices,
1036 2244 1092 2272 &c-
1119 2251 1151 2280 p.
1173 2251 1223 2271 10.
1246 2251 1320 2281 sqq.

298 2320 351 2354 (2)
374 2312 444 2342 Plat
475 2312 498 2342 l.
513 2311 537 2341 l.
561 2309 632 2338 Lib.
650 2309 715 2338 111.
741 2319 769 2347 p⁴
786 2309 856 2347 339.
876 2308 915 2336 D.

300 2382 346 2421 (3)
375 2378 456 2408 plat.
479 2377 607 2406 Platea}
629 2385 660 2412 p.
684 2373 741 2404 124
778 2375 813 2403 Ε.
