1492 2896
295 209 342 256 48
700 203 1022 255 mstsrrio

286 315 461 364 palmaria
489 315 689 353 sententia:
736 341 759 360 „
774 318 882 362 Ἐμοῦ
902 315 973 362 γάρ
992 315 1068 354 ἐστι
1088 314 1197 361 κύριος
1219 311 1268 357 εἷς
1292 314 1392 360 ἀνήρ·

282 388 413 427 τούτων
457 389 493 427 δὲ
529 388 588 426 καὶ
627 389 687 425 σοῦ
728 386 855 433 κυρίων
890 400 930 423 τε
968 383 1090 423 ἄλλων
1125 381 1274 430 Νόμος”
1309 380 1393 430 (1)-

282 454 464 502 Accedit‚
504 454 607 502 quod
640 454 740 501 ipsae
768 463 922 500 quoque
944 453 1044 500 leges
1069 451 1141 488 hoc
1159 451 1296 512 1:legum
1322 461 1400 488 ser·

283 523 418 562 vitium
452 533 625 571 tanquam
659 524 817 560 salutare
843 522 1017 559 omnibus
1041 522 1318 560 commendasse
1342 520 1399 558 vi-

281 594 432 633 dentur.
495 594 632 632 Exstat
667 601 770 644 *certe
807 591 959 630 Zaleuci
995 593 1080 638 lex,
1128 602 1201 638 qua
1235 590 1395 629 dicitur:

283 666 410 711 „ffm‘v
435 665 539 712 νόμου
563 665 744 711 βελτίονος
765 665 964 711 ἡττώμενον
987 663 1306 710 κατακρατεῖσθαι,
1331 662 1392 701 καὶ

279 736 390 774 καλὸν
426 735 486 773 καὶ
524 730 731 782 συμφέρον”
763 732 847 781 (2).
913 731 975 770 Ad
1017 731 1230 769 servandam
1272 738 1395 769 autem

279 804 401 852 legum
444 802 693 851 integritatem
735 811 771 839 et
808 801 1038 839 sanctitatem
1075 799 1254 843 referatur
1289 799 1397 839 etiam

278 882 429 923 oportet
462 875 521 911 lex
560 872 809 919 Charondae,
856 883 929 919 qua
968 870 1041 921 legi
1077 871 1231 909 omnino
1271 881 1399 919 parere

277 943 379 982 cives
402 943 605 993 jubentur,
628 942 715 980 licet
737 942 845 990 plane
864 940 993 990 inique
1012 941 1150 989 scripta
1171 940 1286 979 fuerit
1301 940 1369 990 (3)
1384 967 1398 988 ,

277 1013 448 1068 idemque
477 1012 554 1050 fere
578 1012 728 1050 Zaleuci
757 1011 902 1059 legibus
930 1011 1197 1058 praescribitur
1223 1011 1309 1061 (4).

327 1083 379 1120 Et
416 1094 504 1120 vero
539 1083 612 1131 legi
644 1083 745 1119 velut
781 1081 953 1119 dominae
988 1091 1114 1129 parere
1145 1079 1290 1128 antiqui
1316 1090 1394 1117 non

275 1154 398 1190 solum
438 1154 613 1190 decorum
652 1151 952 1197 arbitrabantur,
999 1151 1065 1189 sed
1101 1159 1252 1188 naturae
1283 1151 1392 1188 etiam

276 1232 425 1261 nostrae
451 1223 549 1260 haud
576 1233 781 1271 repugnare
798 1248 812 1267 ‚
846 1221 960 1258 modo
985 1220 1138 1259 virtutis
1166 1220 1283 1258 simus
1312 1229 1394 1258 stu·

275 1293 388 1331 diosi.
441 1293 549 1331 Civis
585 1292 708 1345 bonus
736 1292 939 1329 secundum
970 1290 1157 1328 Platonem
1184 1300 1250 1337 per
1275 1297 1392 1328 totam

276 1364 386 1401 vitam
412 1364 534 1410 legum
564 1373 604 1400 se
631 1361 843 1399 auctoritati
871 1360 1066 1398 submittet
1083 1359 1168 1408 (5).
1209 1359 1269 1397 Sic
1294 1359 1392 1398 enim

273 1432 478 1481 cogitabit:
536 1435 636 1479 „Ek
667 1433 738 1480 μην
773 1432 876 1471 πόλιν
902 1432 961 1471 καὶ
990 1431 1144 1475 πολίτας
1165 1432 1288 1480 μακρῷ
1311 1430 1393 1479 ἄρι·

273 1519 383 1549 στος,
422 1501 514 1546 δ’ςτις
546 1504 611 1551 πρὸ
650 1505 711 1542 τοῦ
745 1500 975 1549 Ὀλυμπιάσι
1008 1502 1069 1541 καὶ
1097 1501 1267 1541 ἁπάντων
1291 1501 1390 1548 027&-

276 1563 559 1620 νωνπολεμικῶν
585 1588 626 1611 τε
656 1572 715 1610 καὶ
741 1573 935 1619 εἰρηνικῶν,
961 1575 1060 1619 νικᾷν
1083 1571 1215 1617 δέξαιτ’
1241 1571 1286 1610 ἂν
1306 1569 1389 1617 δόξῃ

273 1643 463 1692 ὑπηρεσίας
501 1647 569 1682 τῶν
604 1642 686 1681 οἴκοι
722 1641 859 1687 νόμων,
905 1641 949 1683 ὥς
988 1641 1209 1687 ὑπηρετηκὼς
1246 1639 1389 1679 πάντων

274 1715 458 1754 κάλλιστα
484 1714 668 1761 ανθρωπων
689 1713 808 1753 αὐτοῖς
835 1711 870 1750 ἐν
895 1711 944 1758 τῷ
970 1708 1067 1759 βίῳ”
1082 1709 1163 1756 (6)
1198 1707 1270 1746 Sed
1285 1719 1389 1756 prae·

272 1793 369 1820 terea
403 1782 469 1819 hac
510 1781 577 1819 erit
602 1791 748 1827 semper
775 1778 830 1816 vir
858 1779 1038 1816 honestus
1068 1777 1275 1826 opinione,
1306 1782 1386 1825 „656

273 1857 328 1894 δεῖ
358 1854 466 1894 πάντ’
501 1852 614 1901 ἄνδρα
640 1851 846 1891 διανοεῖσθαι
874 1850 950 1898 περὶ
978 1850 1148 1889 ἁπάντων
1174 1850 1383 1898 ἀνθρώπων,

1341 1922 1386 1963 ὡς

314 2004 362 2044 (ι)
388 2001 504 2032 Exstat
526 2011 578 2040 ap.
605 1999 798 2040 Stob.flor.
828 2001 923 2029 Grot.
943 2009 976 2039 p.
998 2000 1067 2030 235.

315 2058 364 2098 (α)
390 2059 454 2095 ΑΡ.
480 2055 577 2086 Stob.
602 2055 705 2085 Serm.
727 2054 780 2084 42·

314 2111 361 2150 (5)
390 2112 452 2148 Ap.
478 2108 577 2139 Diod.
602 2105 670 2140 Sic.
694 2107 770 2137 Lib.
794 2105 878 2137 X11.
900 2117 928 2137 c.
952 2108 1002 2138 16.

310 2164 363 2204 (4)
386 2165 451 2202 Ap.
474 2162 569 2193 Stob.
591 2161 614 2192 1.
637 2160 662 2192 l.
687 2160 801 2190 Debeo
823 2159 901 2189 haec
923 2159 1071 2200 Heynio‚
1108 2158 1150 2188 V.
1178 2157 1230 2188 cl.
1261 2160 1384 2200 Opusc.⁴

269 2217 347 2248 Vol.
371 2217 417 2248 11.
440 2227 471 2255 p.
494 2216 545 2246 50.
568 2219 600 2245 et
622 2216 673 2256 98.

311 2271 359 2311 (5)
384 2270 436 2300 Cf.
465 2269 604 2300 Aristot.
625 2268 763 2298 Politic.
784 2266 861 2297 Lib.
883 2266 951 2298 111.
970 2277 1002 2297 re.
1023 2277 1054 2308 7.
1076 2266 1178 2307 §.13-

311 2325 358 2365 (6)
387 2322 467 2354 Plat.
490 2324 527 2353 de
551 2323 651 2362 Legg.
674 2319 750 2351 Lib.
773 2319 816 2352 V.
838 2331 871 2360 p.
894 2330 967 2362 729.
989 2318 1033 2349 D.
