1492 2896
283 249 298 274 1
308 250 349 285 32
665 232 977 284 DISQUISITIO

332 344 430 381 Ecce
454 353 570 379 veram
604 343 806 390 tyrannidis
832 343 1006 387 originem
1022 371 1032 386 ‚
1063 341 1241 380 historiae
1265 342 1374 380 tradi-

285 413 450 450 tionibus
491 412 578 449 satis
621 422 807 458 superque
852 411 1112 448 confirmatam.
1179 411 1250 449 Sed
1289 411 1374 448 item

283 482 445 520 breviter
468 481 652 519 videamus
677 481 720 518 de
745 480 814 527 iis,
839 491 933 526 quae
957 481 1056 517 Plato
1080 488 1156 517 tum
1183 481 1227 516 de
1257 479 1375 528 ipsius

283 552 427 600 tyranni
476 559 551 588 tum
601 552 646 588 de
694 549 851 587 civitatis
897 548 1069 586 felicitate
1108 547 1373 586 animadvertit.

283 620 413 660 Primis
452 621 512 658 ille
547 619 676 658 diebus
716 630 756 656 ac
794 617 1022 666 temporibus
1059 617 1097 654 in
1134 627 1376 664 quoscunque

283 689 477 735 inciderit,
510 700 573 726 eos
602 687 755 725 comiter
780 687 979 734 salutabit,
1013 695 1081 733 ut,
1112 687 1219 734 plena
1246 685 1376 733 populi

285 758 397 806 gratia
419 759 600 804 collecta,
631 758 766 795 sensim
802 757 944 805 tyranni
975 766 1095 804 partes
1121 754 1280 802 apertius
1310 753 1376 792 eti·

283 839 337 865 am
359 838 464 875 agere
492 828 626 875 possit.
679 827 766 875 Quo
789 826 912 872 facto,
938 825 1030 862 bella
1053 824 1206 863 excitare
1229 825 1374 870 studet,

283 905 392 936 ut-et
422 898 520 934 cives
552 897 630 944 ejus
660 906 731 942 ope
765 895 947 942 indigeant
977 903 1012 932 et
1042 894 1121 942 ipse
1147 893 1375 932 occasionem

285 964 357 1003 sibi
388 973 575 1013 comparet
605 965 776 1013 perdendi
811 975 901 1011 eos,
929 975 1022 1010 quos
1056 963 1207 1011 agnovit
1238 961 1376 1000 liberali

285 1045 366 1072 esse
385 1034 531 1083 ingenio
553 1043 588 1071 et
610 1035 873 1072 detrectaturos
892 1032 1042 1079 imperio
1062 1044 1131 1070 suo
1150 1031 1373 1079 suspicatur.

285 1104 431 1141 Acriter
456 1103 589 1140 iccirco
614 1102 810 1150 perspiciat
833 1111 1004 1149 oportet,
1029 1101 1156 1148 ecquis
1177 1099 1285 1138 fortis
1304 1101 1374 1146 sit,

285 1174 412 1221 ecquis
433 1173 702 1222 magnanimus,
732 1174 856 1219 ecquis
883 1171 1041 1219 prudens
1056 1199 1068 1215 .‚
1100 1171 1225 1217 ecquis
1247 1170 1372 1217 dives3

282 1250 392 1290 atque
419 1251 489 1279 tam
517 1241 610 1279 felix
635 1250 691 1278 est
708 1270 720 1288 ‚
744 1251 784 1277 ut
817 1241 871 1277 his
897 1241 1067 1278 omnibus
1094 1240 1172 1278 sive
1194 1242 1284 1278 velit
1309 1251 1375 1278 seu

286 1311 380 1348 nolit
412 1311 568 1349 infestus
599 1322 677 1348 esse
709 1309 837 1347 debeat
870 1319 904 1346 et
929 1310 1116 1355 insidiari,
1148 1311 1265 1349 donec
1285 1311 1377 1348 civi-

285 1388 393 1417 tatem
419 1380 640 1427 purgaverit.
694 1379 790 1416 Tum
827 1389 912 1415 sane
934 1378 1050 1416 felicis
1074 1387 1128 1415 est
1150 1379 1376 1417 necessitatis

287 1449 445 1486 vinculis
477 1450 697 1491 adstrictus,
727 1459 796 1494 qua
821 1449 878 1485 vel
897 1460 979 1485 cum
1008 1449 1174 1495 plurimis
1198 1449 1376 1497 improbis

284 1518 394 1555 vitam
425 1528 529 1566 agere
559 1518 727 1565 cogiturv
767 1529 786 1554 a
817 1518 953 1563 quibus
983 1518 1087 1555 etiam
1127 1518 1213 1555 odio
1245 1518 1375 1556 habea-

286 1596 371 1632 tur,
394 1589 454 1624 vel
478 1587 628 1623 omnino
654 1597 729 1623 non
756 1586 893 1631 vivere.
957 1588 1082 1625 Aucto
1112 1587 1240 1624 deinde
1271 1590 1376 1625 satel-

283 1656 390 1693 litum
415 1667 592 1701 numem,
619 1667 717 1692 sacra
741 1667 781 1692 ac
807 1655 960 1702 profana
987 1657 1106 1693 omnia
1127 1657 1262 1703 spoliat
1287 1656 1378 1694 civi·

285 1737 421 1772 umque
454 1736 544 1773 opes
579 1725 714 1761 tributa
749 1724 925 1772 exigendo
967 1724 1162 1770 exhaurit,
1197 1725 1260 1772 qui
1297 1734 1375 1763 tum
1435 1720 1442 1724 ’

283 1795 455 1840 demum,
493 1795 557 1831 sed
584 1805 689 1837 sem,
727 1794 843 1830 eheu!
881 1794 1120 1842 intelligunt,
1153 1805 1261 1841 quam
1294 1806 1378 1832 cru·

286 1865 405 1904 delent
421 1864 573 1901 aluerint
599 1862 764 1900 bestiam.
819 1862 915 1900 Tum
941 1864 1035 1900 enin]
1078 1866 1131 1908 „5
1155 1865 1260 1911 δῆμος
1285 1866 1375 1913 φεύ-

287 1949 359 1981 γων
391 1936 520 1974 καπνὸν
554 1935 710 1976 δουλείας
746 1935 948 1979 ἐλευθέρων,
988 1935 1038 1976 εἷς
1066 1937 1134 1980 πῦρ
1163 1934 1289 1972 δούλων
1320 1935 1375 1972 δε-

288 1999 453 2040 σποτείας
483 1998 525 2036 ἂν
549 1999 785 2043 ἐμπεπτωκὼς
810 1997 880 2040 εἴη,
904 1997 979 2034 ἀντὶ
1001 2001 1063 2040 τῆς
1086 2001 1220 2040 πολλῆς
1246 1998 1373 2041 ἐκείνης

532 2095 537 2097 .
1053 2061 1055 2064 ’
1313 2062 1373 2099 καὶ

285 2119 459 2160 tyrannidis
478 2123 550 2148 ortu
578 2118 696 2149 Herod.
719 2119 793 2150 Lib.
817 2120 882 2150 ΙΙΙ.
905 2131 933 2151 c.
954 2122 1003 2150 82.
1048 2120 1239 2150 Aristoteles
1264 2124 1376 2160 tyran..

283 2182 341 2201 nos
366 2173 511 2210 antiquos
535 2182 551 2199 e
574 2170 748 2211 demagogis
769 2175 924 2202 exstitisse
949 2177 1072 2209 censet,
1094 2172 1250 2212 siquidem
1274 2173 1324 2202 illi
1344 2179 1376 2204 et

282 2226 464 2265 eloquentia
488 2228 519 2252 et
547 2224 623 2252 belli
644 2225 772 2263 gerendi
797 2227 910 2263 peritia
930 2226 1090 2260 valerent,
1113 2224 1189 2256 Lib.
1208 2225 1250 2255 V.
1275 2227 1376 2257 Poli-

282 2281 340 2309 tic.
361 2277 432 2308 c.4.
456 2280 487 2317 §-
500 2277 531 2306 4.
572 2275 661 2317 Quae
682 2277 808 2316 quidem
832 2280 983 2308 sententia
1004 2289 1020 2308 a
1035 2279 1193 2308 Platonica
1211 2278 1292 2309 haud
1305 2291 1374 2310 ma-

282 2341 417 2372 gnopere
439 2330 618 2368 discrepare
638 2330 774 2363 videtur.
