1492 2896
310 643 1044 710 1NTRODUCT1Q

170 981 542 1053 contemplantibus
574 1005 714 1045 intenta
747 1014 868 1045 mente
890 1006 1052 1045 diversas
1075 1001 1220 1056 organis

117 1079 246 1111 corum
277 1082 477 1121 corporum
502 1075 670 1123 species,
695 1076 804 1114 nobis
829 1078 940 1114 latere
964 1086 1043 1114 non
1065 1084 1218 1124 potest,

118 1140 252 1179 multas
285 1151 411 1179 earum
440 1141 559 1180 forma
592 1143 697 1181 valde
727 1144 954 1193 convenire,
1003 1145 1090 1184 alias
1129 1156 1218 1184 vero

115 1220 224 1257 quam
251 1211 405 1253 maxime
435 1211 585 1252 distare.
635 1212 716 1251 Hac
740 1213 1000 1253 observatione
1023 1215 1224 1273 homines,

114 1287 158 1318 ut
182 1279 326 1319 facilius
350 1280 432 1319 illas
468 1293 489 1320 a
522 1293 563 1320 se
581 1281 740 1321 invicem
768 1283 1057 1333 distinguerent,
1084 1297 1129 1324 eo
1157 1287 1219 1325 ad·

113 1347 219 1388 ducti
254 1357 344 1390 sunt
361 1378 376 1399 ,
403 1360 447 1389 ut
477 1351 516 1389 in
553 1360 670 1391 certas
702 1354 837 1392 classes
863 1362 900 1392 et
925 1365 1055 1403 genera
1080 1367 1139 1394 eas
1162 1356 1216 1394 di-

112 1427 306 1464 gererent,
327 1420 486 1466 quibus,
504 1422 643 1471 simui,
660 1429 710 1466 ,et
732 1433 853 1461 earum
889 1423 1054 1472 cognitio
1073 1422 1216 1463 facilior

112 1482 218 1524 fieret
231 1511 245 1532 ,
269 1492 308 1538 et
333 1485 508 1538 confusio
519 1516 538 1536 ,2
559 1499 656 1542 quae
668 1501 713 1528 ex
731 1489 869 1546 ingenti
891 1502 1047 1531 numero
1067 1494 1186 1532 oritur
1199 1522 1214 1543 ,

96 1552 336 1602 *evitaretur3
365 1563 402 1602 et
425 1557 502 1605 ¹¹09
520 1565 604 1606 est,
630 1559 732 1606 quod
750 1562 871 1614 'vulgo
897 1571 1063 1611 systema
1089 1563 1215 1603 classi-

110 1621 296 1666 ficationis
337 1634 505 1665 vocatur.
587 1627 795 1668 Perfectum
835 1638 956 1669 autem
997 1630 1212 1682 hujusmodi

111 1702 297 1742 systema,
334 1705 454 1743 neque
484 1707 646 1744 unquam
685 1697 786 1747 fuit,
836 1710 956 1747 neque
993 1701 1088 1750 erit3
1126 1702 1213 1741 licet

110 1761 208 1801 enim
220 1775 228 1803 T·
242 1764 323 1806 sine
354 1764 468 1803 dubio
489 1777 631 1804 summa
657 1768 830 1819 quaedam
858 1769 909 1807 sit
935 1770 1126 1810 harmonia
1154 1771 1212 1811 ina

103 1839 170 1870 ter
200 1842 358 1880 corpora
390 1844 485 1881 quae
520 1845 561 1873 se
583 1835 703 1874 oculis
739 1837 881 1876 nostris
915 1839 1120 1889 exhibent,
1148 1852 1213 1881 ne-

113 1911 187 1949 que
214 1900 314 1940 forte
344 1910 382 1940 et
417 1913 506 1942 casu
535 1904 734 1951 acciderit,
772 1914 814 1944 ut
851 1907 923 1946 hoc
956 1909 1088 1949 animal
1117 1912 1210 1951 hanc

110 1970 288 2020 formam,
339 1972 438 2011 aliud
476 1984 603 2011 rursus
640 1973 745 2013 aliam
776 1975 948 2025 haberet,
990 1986 1111 2018 tamen
1138 1991 1209 2019 nos

92 2042 281 2080 mortales
305 2042 472 2081 homines
487 2070 501 2090 ,
524 2054 706 2082 summum
731 2044 834 2083 illum
867 2057 1001 2086 nexum
1024 2059 1101 2088 non
1127 2058 1211 2099 per·

109 2110 235 2159 cipere
263 2121 385 2159 neque
407 2111 555 2160 penitus
577 2123 800 2162 cognoscere
820 2127 1037 2164 possumus.

159 2179 283 2218 Primo
296 2179 393 2218 enim
414 2181 552 2219 nostris
575 2182 917 2224 classificationibus
933 2187 1056 2226 obstat
1069 2217 1084 2237 ,
1108 2186 1210 2238 quod

113 2255 212 2286 tanta
231 2257 288 2287 est
316 2249 497 2297 varietas,
528 2263 622 2298 quae
654 2263 779 2301 regnat
818 2255 855 2292 in
887 2264 1041 2305 natura,
1069 2268 1111 2297 ut
1147 2261 1208 2299 vix

116 2315 189 2354 duo
222 2317 363 2357 diversa
393 2318 558 2358 animalia
587 2323 644 2358 vel
674 2323 818 2370 plantae
848 2324 1003 2364 inveniri
1030 2328 1206 2377 possint,

619 2392 655 2432 A
681 2404 703 2430 2
1116 2409 1208 2446 quae
