1492 2896
276 299 305 343 6
363 296 404 342 J.
422 297 470 342 L.
488 295 536 341 G.
552 292 906 338 SCHROEDER
928 306 1030 336 vim
1053 305 1149 334 mm
1167 288 1327 333 KOLK

278 431 382 477 mihi
423 444 543 474 aures
591 426 857 489 praebeatis,
917 441 1039 483 quam
1091 422 1387 467 humanissime

277 521 397 566 rogo.

340 866 504 910 Nullam
537 866 700 924 generis
733 866 903 909 humani
935 867 1095 910 cladem
1125 865 1218 925 ipsa
1245 862 1395 908 mentis

284 942 532 991 alienatione
572 957 661 987 esse
696 942 825 1001 magis
874 942 1212 996 formidandam,
1254 942 1397 985 nullo-

284 1035 366 1077 que
405 1020 559 1064 morbo
598 1019 738 1079 ipsum
786 1020 893 1064 adeo
935 1023 1161 1063 hominem
1200 1019 1386 1077 corripi,

285 1097 378 1154 quis
415 1104 507 1150 est,
539 1097 609 1154 qui
653 1111 739 1140 non
765 1101 1039 1151 assentiatur,
1068 1096 1228 1140 etiamsi
1258 1095 1395 1140 obiter

281 1181 440 1219 tantum
478 1173 654 1218 miseros
698 1174 790 1218 illos
831 1174 913 1218 hoe
951 1174 1103 1219 morbo
1154 1174 1396 1217 laborantes

282 1251 588 1309 contemplatus
626 1251 762 1295 fuerit.
830 1251 1047 1310 Adspicite
1091 1251 1284 1295 homines
1320 1265 1396 1294 ra—

287 1326 413 1371 tionis
442 1326 726 1371 moderamine
754 1327 940 1385 privatos
965 1360 978 1377 ,
1028 1334 1226 1385 tanquam
1272 1342 1398 1372 naves

288 1403 375 1448 sine
403 1403 683 1460 gubernaculo
708 1405 886 1447 aestuosi
917 1404 1043 1448 maris
1074 1405 1279 1450 ssuctubus
1305 1405 1399 1462 jac-

288 1487 425 1535 tatos,
458 1495 636 1537 quorum
678 1482 780 1525 alius
817 1479 1030 1525 effrenatis
1064 1482 1191 1525 animi
1226 1490 1398 1542 pertur-

288 1557 529 1607 bationibus
559 1560 736 1617 agitatus
766 1560 808 1602 in
852 1559 1234 1604 vehementissimos
1261 1568 1400 1604 motus

291 1633 494 1692 erumpit,
526 1642 596 1678 aut
634 1635 786 1681 laetitia
818 1635 1015 1692 gestiente
1048 1644 1087 1679 et
1124 1636 1237 1679 inani
1269 1636 1400 1682 efl'use

293 1711 496 1764 exsultat,
544 1719 614 1755 aut
650 1711 713 1754 ira
742 1719 781 1755 et
806 1712 945 1755 furore
970 1713 1171 1757 levissima
1205 1714 1255 1757 de
1279 1728 1404 1759 caus-

292 1802 339 1834 sa
377 1786 422 1831 in
464 1787 765 1832 commotiones
793 1788 1034 1833 insolentius
1071 1788 1267 1846 effertur3
1300 1793 1405 1836 alius

291 1879 391 1909 vero
424 1865 680 1924 aegritudine
714 1866 1002 1919 contrahitur,
1034 1874 1074 1911 et
1113 1882 1269 1926 angore
1301 1884 1403 1927 gra-

292 1942 462 1986 vissimo
495 1949 619 1999 atque
653 1943 906 1987 ineluctabili
930 1959 1121 1989 moerore
1151 1946 1409 1994 exanimatus

292 2018 441 2062 misere
463 2019 739 2079 deprimitur,
772 2021 872 2077 quin
902 2022 1024 2065 etiam
1055 2023 1108 2066 ad
1141 2023 1405 2083 desperatio-

295 2109 389 2137 nem
427 2095 599 2140 adactus
643 2097 697 2141 ad
739 2097 877 2156 ipsum
925 2098 1031 2143 vitae
1059 2100 1238 2145 taedium
1283 2102 1404 2148 duci-

298 2177 366 2218 tur
395 2187 625 2229 manusque
675 2173 756 2218 sibi
797 2175 962 2220 adferre
1012 2178 1212 2222 violentas
1258 2181 1405 2237 (quod

301 2248 362 2290 wel
402 2249 501 2292 nulli
553 2265 737 2307 unquam
787 2252 955 2297 animali
1001 2254 1224 2312 contingit)
1278 2257 1403 2315 inque

299 2339 418 2373 suum
453 2325 585 2390 ipsius
614 2336 758 2389 pectus
788 2329 943 2377 saevire
980 2330 1143 2391 cogitur
1155 2350 1166 2388 3
1198 2341 1285 2378 tum
1328 2335 1407 2381 de-
