1492 2896
312 297 339 344 4
570 299 656 347 ΡΗ.
690 300 741 346 G.
773 313 875 343 vAN
907 299 1164 352 HEUSDE‚

313 434 590 479 adolescentia
632 435 815 486 fuerunt,
846 435 900 478 ita
932 436 1156 493 junguntur
1189 444 1416 496 perpetuo,

315 511 562 567 quicumque
593 510 636 553 in
665 510 714 554 iis
747 511 800 553 ad
830 511 1124 556 humanitatem
1163 513 1310 557 exculti
1346 513 1416 557 in-

313 586 542 644 structique
574 595 683 632 sunt.
786 588 871 632 Nec
907 602 1007 632 sane
1041 595 1126 641 est,
1170 588 1415 642 AuditoreS,

312 663 426 722 quod
449 664 580 709 Vobis
602 664 646 707 id
669 664 841 708 solemni
864 664 946 708 hoc
971 664 1037 708 die
1061 664 1292 709 rationibus
1311 680 1414 725 per-

310 740 483 786 suadere
505 755 646 785 coner.
708 741 793 784 Res
815 748 931 799 patet
956 741 1167 794 omnibus,
1197 741 1282 785 imo
1308 755 1414 786 ocu-

308 816 359 861 lis
396 824 458 861 est
492 816 646 861 nostris
685 817 884 873 subjecta.
977 817 1038 861 Ut
1070 817 1301 862 celebratur
1330 817 1412 875 jam

309 894 558 937 Academiae
574 893 835 951 Traiectinae
856 893 1159 937 ducentesimus
1180 907 1311 937 annus
1333 907 1413 938 na-

305 969 420 1022 talis,
449 969 506 1014 ita
534 969 820 1014 confluxerunt
857 969 939 1013 huc
973 983 1021 1013 ex
1064 969 1183 1013 nullis
1216 983 1300 1013 non
1331 984 1412 1029 pa—

305 1047 408 1092 triae
441 1046 706 1105 regionibus,
746 1047 840 1103 qui,
873 1046 956 1090 sive
999 1060 1156 1104 nuper,
1192 1045 1275 1091 sive
1313 1047 1410 1091 olim

304 1123 554 1182 aliquando,
584 1123 627 1166 in
676 1122 756 1166 hac
805 1123 954 1166 artium
1002 1122 1260 1166 laudatarum
1312 1123 1409 1168 sede

301 1201 447 1246 studiis
481 1215 654 1260 operam
691 1207 906 1244 navarunt.
968 1198 1131 1243 Adsunt
1163 1198 1411 1245 adolescen-

299 1286 389 1332 tes,
429 1277 558 1323 adulti
587 1276 764 1329 adsunt,
810 1276 960 1320 adsunt
1004 1275 1154 1320 maturi
1190 1284 1324 1322 aetate
1367 1285 1406 1322 et

296 1356 465 1414 ingenio
504 1355 607 1407 viri,
634 1354 785 1398 adsunt
825 1367 967 1397 senes:
1024 1352 1196 1410 singuli,
1228 1360 1271 1397 ut
1306 1352 1403 1398 suos

297 1433 450 1491 quique
479 1432 645 1476 sodales
671 1430 983 1486 studiorumque
1015 1429 1177 1484 socios,
1207 1423 1293 1475 sive
1321 1429 1400 1475 hu-

293 1512 386 1569 ju3‚
444 1511 528 1555 sive
571 1507 783 1569 praeteriti
818 1506 1043 1566 temporis,
1101 1507 1403 1566 amplectantur

296 1589 456 1641 denuo,
488 1594 612 1644 atque
650 1584 851 1629 amicitiae
885 1598 976 1627 cum
1009 1582 1059 1626 iis
1091 1582 1235 1628 foedus
1269 1576 1400 1629 reno-

296 1673 414 1710 vent:
475 1663 675 1716 universi,
715 1669 759 1706 ut
795 1662 924 1704 almae
966 1660 1112 1704 Matris
1154 1674 1252 1704 suae
1292 1661 1398 1705 sesto

292 1742 497 1786 intersint.
1349 1785 1353 1789 ⁴

349 1819 421 1865 Sic
449 1819 654 1863 cernimus
678 1831 825 1875 reapse
851 1815 1003 1869 oculis,
1027 1815 1270 1870 Auditores,
1295 1814 1394 1871 quid

291 1899 452 1942 valeant
481 1896 532 1940 ad
563 1894 875 1951 conjungendos
903 1893 1037 1936 omnis
1062 1893 1232 1945 aetatis,
1262 1891 1394 1935 omnis

288 1973 395 2024 loci,
441 1972 573 2016 omnis
626 1971 783 2015 ordinis
839 1983 887 2013 ac
943 1968 1154 2026 dignitatis
1206 1967 1393 2012 homines

286 2049 550 2094 Academiae.
611 2050 697 2092 Nec
727 2061 826 2091 vero
854 2047 896 2089 in
928 2046 1007 2088 hae
1040 2045 1188 2089 civium
1220 2052 1391 2089 nostro-

282 2142 376 2170 rum
406 2126 664 2177 celebritate,
695 2126 863 2169 aliarum
903 2122 1186 2166 desideramus
1222 2122 1391 2167 Acade-

283 2204 457 2248 miarum
500 2217 592 2247 cum
645 2202 838 2246 doctores
881 2198 1249 2250 celebratissimos,
1300 2206 1386 2242 tum

281 2282 481 2326 alumnos.
543 2279 758 2324 Cernimus
788 2278 856 2321 hic
879 2278 983 2322 adeo
1014 2282 1252 2335 praesentes
1275 2275 1384 2318 viros

278 2360 319 2404 in
354 2372 481 2416 iegno
517 2364 661 2403 nostro
694 2355 863 2399 summis
899 2354 1199 2397 condecoratos
1238 2366 1370 2396 mune-
