1492 2896
448 543 954 592 EPILOGUS.

595 725 802 742 ‘'eoo——

194 862 340 938 Itaque
376 892 478 940 quod
512 903 583 931 nos
618 893 901 945 Lacedaemon,
951 900 1054 947 quod
1086 902 1255 941 Athenae

140 959 379 1008 docuerunt,
414 961 574 1001 Romani
612 976 764 1013 quoque
798 969 931 1018 populi
965 970 1121 1009 historia
1147 973 1257 1013 lucu-

143 1030 242 1067 lente
267 1031 462 1078 probatur.
515 1034 662 1084 Quodsi
686 1037 760 1086 J'am
785 1050 847 1087 ea,
864 1051 967 1088 -quae
989 1042 1162 1090 pluribus
1191 1055 1256 1082 su-

142 1111 225 1137 mus
249 1101 498 1140 demonstrare
522 1107 670 1152 conati,
695 1106 873 1159 inunum
896 1111 1142 1161 rediguntur,
1167 1114 1256 1154 haec

141 1171 227 1208 inde
264 1182 406 1210 summa
437 1173 611 1222 cogitur,
652 1184 724 1214 tam
752 1187 851 1216 arcte
875 1179 1071 1220 cohaerere
1094 1194 1179 1223 cum
1206 1186 1258 1223 le-

141 1251 227 1289 gum
262 1242 367 1280 cultu
399 1243 537 1283 civium
566 1257 708 1295 mores,
748 1256 790 1286 ut
813 1248 858 1287 ab
883 1250 1018 1289 horum
1043 1254 1258 1294 conditione

144 1311 299 1358 pendeat
335 1325 492 1362 prorsus
529 1314 566 1367 in
593 1316 770 1366 civitate,
809 1331 902 1367 quae
928 1322 1074 1370 legibus
1102 1324 1259 1366 debetur

145 1383 362 1421 reverentia.
418 1385 575 1435 Integris
600 1387 697 1425 enim
731 1389 899 1429 moribus
933 1404 1111 1432 summam
1129 1424 1143 1443 ,
1172 1408 1255 1434 cor·

143 1451 263 1500 ruptis
297 1463 386 1489 vero
414 1455 550 1492 nullam
577 1467 658 1494 esse
687 1458 809 1506 patuit
833 1461 955 1509 legum
981 1466 1255 1507 auctoritatem.

143 1519 183 1558 Si
214 1533 303 1558 vero
339 1521 458 1571 ipsius
492 1525 658 1574 J'ustitiae
688 1527 880 1578 imaginem
909 1543 1182 1582 repraesentant
1207 1541 1258 1577 le-

143 1601 235 1639 ges,
283 1591 541 1641 obtemperant
580 1597 672 1646 J'usti
711 1598 938 1650 honestique
969 1605 1053 1642 voci
1086 1607 1254 1658 judices‚

141 1659 340 1700 incolumis
365 1673 532 1702 servatur
557 1677 576 1703 a
602 1666 750 1706 civibus
779 1671 899 1719 legum
927 1676 1150 1725 auctoritas,
1176 1690 1254 1721 non

143 1740 303 1777 possunt
330 1743 406 1771 non
434 1734 506 1783 ipsi
530 1735 630 1774 cives
655 1738 765 1785 plena
795 1739 872 1778 frui
897 1742 1092 1793 libertate,
1123 1756 1256 1797 utpote

144 1800 244 1838 nulla
284 1813 322 1840 re
360 1803 550 1853 impediti,
590 1808 793 1855 quominus
836 1822 971 1860 agant,
1009 1826 1103 1864 quae
1147 1830 1255 1868 agere

145 1867 282 1908 bonum
320 1871 437 1910 civem
476 1875 626 1923 deceat3
670 1886 828 1926 contra,
871 1881 902 1918 si
941 1891 1017 1920 aut>
1041 1884 1255 1935 injustiores

142 1949 230 1976 sunt
259 1941 382 1988 leges,
415 1952 478 1981 aut
513 1943 717 1993 iniquiores
754 1950 963 1997 partiumve
994 1957 1121 1995 studio
1151 1959 1253 1998 ducti

137 2010 281 2057 judices
299 2040 312 2058 ,
336 2022 399 2049 aut
426 2013 586 2062 denique
614 2027 690 2054 non
712 2023 855 2059 summa
879 2023 1055 2063 coluntur
1075 2028 1252 2078 religione

140 2079 177 2116 in
217 2081 366 2119 civitate
400 2084 525 2133 leges,
572 2086 753 2126 amittitur
794 2090 968 2140 libertas,
1018 2106 1253 2146 comparatur

141 2161 227 2187 vcro
260 2153 434 2200 licentia,
474 2168 545 2203 qua
577 2157 691 2207 major
723 2170 804 2198 esse
832 2161 972 2201 civitati
1000 2167 1117 2213 pestis
1144 2169 1252 2217 plane

141 2230 213 2256 non
234 2232 373 2268 potest.
411 2225 484 2279 Est
505 2225 618 2274 igitur
638 2230 740 2276 quod
755 2258 768 2277 ‚
788 2236 988 2287 praeeunte
1012 2235 1142 2275 Tullio
1159 2240 1245 2288 (ι),

1167 2321 1248 2348 clim

181 2355 227 2393 (ι)
259 2357 356 2387 Orat.
375 2367 435 2395 prro
463 2359 615 2389 Cluentio
638 2371 665 2390 c.
687 2361 738 2392 53.
