1492 2896
503 242 871 299 ORAT‘lo„
1090 254 1093 256 '
1190 249 1242 291 W

127 382 305 436 ,alienam
333 389 374 427 et
396 381 648 427 Francicam
672 382 780 429 adeo
802 395 993 426 normam
1016 381 1235 428 insonum-i

127 458 528 519 Lugdunobatavam
557 465 596 503 et
626 459 969 516 Groninganam,
1015 458 1126 508 hauc
1157 470 1235 504 au·-

126 544 210 590 tem
234 531 421 589 nostram
449 542 610 587 tantum
637 549 722 581 non
751 536 803 581 de
833 536 969 580 medio
999 537 1085 580 toni
1116 537 1234 582 vide-

124 613 289 662 bamus.
368 612 454 658 Sed
505 612 708 674 quidquid
748 613 948 658 adversus
987 628 1063 657 nos
1105 615 1233 658 moliti

126 689 318 742 ¹homiues
343 697 466 744 sunt,
495 690 589 735 Deo
611 689 802 748 adjutore
829 691 1118 749 praepotenti,
1148 704 1233 735 non

126 766 429 815 succubuimus.
490 768 710 812 Prostrato
734 766 928 812 divinitus
941 798 954 821 ,
999 768 1069 825 qui
1096 768 1233 813 Deum

126 859 171 889 se
195 844 368 898 tulerat,
396 851 601 903 tyranne,
643 846 764 890 ecce!
807 844 852 890 in
874 860 992 889 suam
1024 860 1069 889 se
1094 845 1234 892 vindi-

118 929 274 971 carunt
295 921 532 974 libertatem
557 929 726 980 gentes,
772 937 868 967 suas
901 930 1149 981 receperunt
1172 923 1234 971 le-

115 1013 224 1056 ges,
268 1013 345 1043 sua
379 998 459 1043 sibi
502 999 791 1050 restituerunt,
839 1015 862 1043 a
900 998 1130 1057 majoribus
1158 1015 1237 1044 ac-⁴

124 1082 273 1135 cepta,
302 1075 501 1120 instituta.
563 1075 673 1122 Tum
699 1090 893 1121 veronna
920 1088 1014 1120 cum
1036 1078 1171 1136 patria
1192 1071 1236 1122 in

125 1152 346 1213 pristinam
377 1153 555 1197 formam
586 1153 783 1197 redactae
818 1153 930 1211 apud
964 1168 1041 1198 nos
1066 1154 1238 1199 Acade-

125 1230 235 1277 miae
265 1237 387 1278 sunt:
431 1229 538 1275 haec
580 1237 716 1279 autem
764 1237 933 1284 nostra,
977 1231 1096 1288 quasi
1141 1240 1239 1291 post

128 1311 215 1360 fata
241 1314 481 1366 superstes,
511 1321 663 1352 novam
690 1307 815 1353 veluti
839 1307 967 1352 vitam
998 1307 1103 1353 iniit.
1133 1308 1240 1353 Esse

129 1384 219 1442 ejus
271 1383 456 1429 conditio
502 1383 656 1432 lautior
697 1384 1028 1443 honoratiorque
1070 1386 1243 1445 coepit,

131 1461 288 1521 quippe
317 1461 495 1520 publicis
519 1460 700 1506 universi
713 1462 829 1520 regni
845 1494 857 1515 ‚
889 1476 972 1507 non
990 1462 1105 1507 urbi-s
1118 1462 1241 1521 hujus

133 1538 337 1589 sumtibus
349 1545 588 1585 sustentata.
622 1540 914 1584 professorum
933 1547 1076 1585 auctus
1088 1554 1241 1585 nume-

85 1669 88 1670 ⁷
131 1631 203 1663 rus
227 1623 313 1670 est,
341 1622 387 1659 ut
410 1615 591 1673 singulas
613 1615 761 1674 singuli
774 1616 1057 1661 doctrinarum
1071 1632 1239 1661 suarum

133 1700 273 1753 partes
303 1692 532 1738 traderent.
593 1693 728 1740 Aucta
753 1693 1024 1751 pecuniarum
1054 1694 1238 1738 subsidia

134 1777 252 1823 sunt,
279 1776 326 1813 ut
350 1767 650 1822 bibliothecae,
681 1769 854 1824 museis,
886 1770 1116 1828 ceterisque
1132 1771 1241 1816 doe*

133 1844 336 1895 trinarum
371 1845 656 1894 instrumentis
686 1848 1011 1906 prospiceretur.
1065 1848 1242 1894 increvit

134 1921 360 1969 identidem
384 1922 645 1973 alumnorum
671 1924 795 1982 copia
810 1953 823 1977 ‚
853 1930 922 1977 ut,
953 1937 1049 1969 cumv
1075 1924 1241 1973 ducenti

136 1999 222 2044 fere
250 1997 479 2045 adfuissent
500 2006 647 2052 antea,
678 2013 788 2045 nunc
811 2001 1128 2060 quadringenti,
1157 2002 1243 2047 imo

137 2075 352 2134 quingenti
378 2075 554 2122 subinde
578 2084 858 2132 censerentur.
903 2077 989 2122 Sed
1015 2087 1111 2123 sunt
1137 2079 1242 2136 alia,

135 2151 382 2206 Auditores,
426 2168 533 2211 quae
560 2153 766 2198 lubentius
793 2153 932 2199 etiamn
950 2161 990 2199 et
1019 2169 1097 2213 ego
1122 2168 1244 2200 coma-

135 2229 383 2275 memorabo
409 2236 449 2274 et
475 2244 549 2274 vos
579 2230 677 2276 estis
706 2231 980 2278 recordaturi.
1013 2233 1139 2291 Quod
1171 2250 1243 2279 usu

136 2314 350 2370 receptum
373 2314 493 2352 antea
521 2309 651 2353 suerat
667 2341 679 2363 ‚
706 2321 816 2353 nunc
837 2309 926 2366 lege
949 2311 1217 2355 consti-tutum
1230 2345 1243 2368 ³

1008 2391 1033 2430 ι)
1053 2385 1074 2411 a
