1492 2896
299 253 348 292 60
694 250 1012 302 DISQUISITIO

296 360 542 410 principatum
582 360 753 398 obtinent
792 369 827 398 et
852 362 960 408 plane
984 361 1249 410 dominantur,
1283 362 1396 402 homo

298 443 385 470 sane
407 431 499 470 liber
523 431 646 469 vocari
680 432 785 468 nullo
807 439 916 479 pacto
950 441 1101 479 potest3
1138 432 1203 470 sed
1227 443 1303 480 quo
1329 432 1399 471 ista

296 502 469 548 trahant,
507 513 551 539 eo
587 509 763 548 sequatur
797 496 973 549 oportet,
1019 509 1060 538 ut
1093 501 1252 550 denique
1296 502 1399 550 turpi

291 572 342 611 sit
368 580 404 609 et
431 571 581 610 immani
606 571 816 609 studiorum
847 581 1002 608 suorum
1034 569 1206 608 servituti
1237 570 1397 610 submis-

291 651 356 678 sus
378 650 445 677 nec
469 649 690 688 magnopere
715 639 813 676 bruti
847 638 1010 676 animalis
1033 638 1238 679 dissimilis.
1277 639 1397 686 „⁰04-

290 726 343 755 w,-
378 710 502 758 ydapss’
538 709 658 747 aiebat
689 709 887 755 Socrates,
923 712 1012 754 „rte
1042 711 1107 757 μὲν
1141 711 1318 758 κράτιστα
1341 711 1392 758 μὴ

290 787 440 826 σκοπεῖ,
473 782 523 820 τοὶ
549 780 674 826 ἥδιστα
707 782 737 820 δ’
762 781 801 818 ἑκ
829 781 961 823 παντὸς
987 780 1114 828 τρόπου
1140 781 1242 830 ζητεῖ
1261 786 1392 826 ποιεῖν,

288 851 326 890 τί
355 851 399 890 ἂν
433 851 588 899 διαφέροι
612 855 679 889 τῶν
703 850 978 898 ἀφρονεστάτων
1001 851 1265 898 βοσκημάτωνς
1292 850 1395 890 ἀλλὰ

288 926 360 963 τοῖς
391 920 580 968 ἐγκρατέσι
605 921 719 967 μόνοις
743 921 860 967 ἔξεστι
883 925 1025 959 σκοπεῖν
1050 921 1101 960 τα
1126 919 1304 968 κράτιστα
1326 923 1396 959 τῶν

288 991 541 1038 πραγμάτων,
575 991 633 1028 καὶ
667 990 757 1038 ἔργῳ
795 989 855 1028 καὶ
891 990 990 1038 λόγῳ
1027 989 1260 1036 διαλέγοντας
1297 988 1397 1028 κατὰ

288 1062 373 1106 γένη
387 1086 400 1105 ,
426 1062 476 1099 τα
498 1062 563 1107 μὲν
586 1061 711 1105 ἀγαθοὶ
735 1061 991 1107 προαιρεῖσθαι,
1018 1063 1086 1098 τῶν
1111 1060 1147 1098 δὲ
1170 1062 1285 1098 κακῶν
1303 1058 1395 1097 εἰπέ·

286 1129 444 1178 χεσθαι”
463 1129 547 1177 (1).
601 1127 764 1165 Perfecte
791 1136 911 1165 autem
937 1136 1143 1174 temperans
1169 1127 1228 1164 ille
1250 1126 1397 1165 demum

287 1206 371 1244 est,
405 1209 482 1235 non
517 1198 580 1245 qui
606 1209 689 1236 cum
717 1198 842 1235 multis
873 1196 1131 1245 voluptatibus
1154 1204 1266 1243 atque
1289 1193 1396 1242 cupi-

285 1268 494 1316 ditatibus,
526 1281 619 1315 quae
646 1268 690 1305 ad
721 1269 951 1315 impudenter
986 1276 1022 1303 et
1055 1266 1192 1315 injuste
1214 1263 1394 1313 agendum

284 1338 500 1386 impellant,
535 1348 571 1375 et
600 1336 836 1385 pugnaverit}
853 1344 889 1372 et
916 1334 1106 1372 victoriam
1132 1331 1247 1370 fuerit
1265 1341 1398 1370 conse-

286 1415 421 1455 cutus;
454 1408 519 1445 sed
556 1406 621 1454 qui
652 1417 672 1443 a
707 1407 809 1443 nulla
847 1405 995 1443 istarum
1035 1402 1280 1450 cupiditatum
1317 1401 1395 1437 ullo

285 1477 397 1514 modo
423 1478 481 1515 vel
507 1485 678 1524 tangatur
703 1477 761 1512 vel
787 1475 1008 1522 percellatur
1037 1473 1122 1520 (α).

309 1591 340 1610 ,,
357 1563 542 1612 Quisnam
553 1565 678 1612 igitur
687 1561 809 1599 liber?
821 1561 974 1612 Sapiens
982 1576 997 1608 ,·
1011 1559 1080 1598 sibi
1089 1563 1155 1610 qui
1166 1562 1399 1610 imperiosus,

361 1632 474 1681 Quem
491 1645 604 1682 neque
618 1632 835 1682 pauperies,
856 1642 971 1680 neque
985 1641 1080 1667 mors
1091 1657 1103 1676 ,
1120 1641 1234 1679 neque
1243 1627 1394 1665 vincula

453 1711 597 1739 terrent
611 1714 626 1738 :

359 1771 590 1821 Responsura
610 1769 842 1821 cupidinibus
856 1797 868 1815 ,
887 1778 1113 1806 contemnere
1130 1768 1279 1805 bonores

361 1842 512 1888 Fortis,
535 1850 570 1878 et
598 1843 638 1877 in
661 1852 696 1877 se
719 1842 914 1890 ipso'totus
938 1849 1032 1876 teres
1056 1847 1170 1886 atque
1190 1833 1392 1881 rotundus,

361 1911 529 1949 Externi
546 1923 590 1947 ne
612 1908 705 1959 quid
725 1909 847 1946 valeat
865 1919 936 1959 per
956 1908 1057 1945 laeve
1076 1908 1221 1944 morari
1229 1920 1246 1954 ,-

359 1981 405 2018 In
423 1992 528 2030 quem
547 1991 680 2016 manca
701 1979 782 2014 ruit
803 1987 941 2027 semper
955 1975 1148 2026 fortuna'’
1166 1975 1248 2024 (3).

1265 2065 1397 2112 Agno-

327 2149 375 2190 (1)
401 2149 466 2187 Ap.
488 2148 638 2187 xenoph.
659 2150 759 2179 Blem.
781 2148 858 2178 Lib.
882 2147 943 2178 lv.
966 2158 993 2177 c.
1015 2147 1046 2178 5.
1067 2150 1099 2188 §-
1124 2156 1197 2183 11.‚
1224 2156 1306 2185 quae
1327 2145 1394 2176 So-

285 2201 381 2231 cratis
402 2211 473 2231 eum
500 2200 705 2241 Euthydemo
731 2201 769 2230 de
795 2200 1040 2239 intemperantia
1067 2199 1283 2230 confabulatio
1308 2197 1394 2229 lectu

287 2257 416 2286 omnino
431 2258 490 2286 -est
513 2255 708 2295 dignissima.

328 2309 377 2349 (2)
401 2307 484 2337 Plat.
505 2309 543 2338 de
558 2310 659 2348 Legg.
680 2306 757 2336 Lib.
781 2306 810 2336 I.
832 2317 866 2345 p.
885 2306 957 2346 647.
983 2304 1024 2336 D.

337 2361 383 2400 (ὃ)
408 2360 523 2390 Horat.
549 2363 653 2390 Serm-
674 2358 752 2389 le.
775 2360 823 2390 11.
851 2362 953 2389 Ser-m.
977 2370 1006 2398 7.
1029 2369 1076 2391 vs,
1098 2357 1170 2395 83.,
1197 2368 1268 2398 sqq.
