1492 2896
257 211 313 258 56
370 212 411 257 J.
427 213 474 258 L.
491 212 536 256 C.
551 212 903 258 SCHROEDER
917 228 1018 259 vAN
1031 230 1130 259 nnn
1147 213 1306 261 KOLK

269 359 573 417 dignissimum,
607 361 674 405 eui
713 361 781 405 hic
813 377 1004 406 nummus
1032 376 1210 417 aureus,
1243 377 1367 420 quem

270 437 345 480 tibi
369 437 518 490 trado,
547 437 760 492 tradatur,
790 452 922 496 eoque
948 439 1152 485 lubentius
1177 439 1259 484 hoc
1301 440 1370 483 fa·

270 512 362 564 cio,
393 526 478 570 quo
501 513 648 571 majori
677 514 829 572 gaudio
860 515 1164 571 animadverti,
1194 517 1275 561 tale
1315 516 1369 561 de

273 601 368 631 vera
421 587 608 633 libertate
654 598 938 647 argumentum
985 591 1149 637 duobus
1202 599 1373 637 nostrae

271 663 546 712 Academioaev
584 665 759 710 alumnis
801 666 908 711 adeo
951 667 1181 726 placuisse,
1237 675 1284 713 ut
1329 668 1377 712 in

273 752 323 783 eo
363 733 622 785 elaborando
661 742 770 786 vires
815 743 1088 799 tentaverint3
1147 759 1376 802 argumen-

272 821 360 862 tum
389 815 498 859 enim
515 847 528 868 ,
559 817 660 873 quid
688 818 858 863 Veteres
884 819 936 863 de
961 834 1060 864 vera
1093 819 1282 864 libertate
1308 820 1379 878 ju-

274 890 525 945 dicaverint,
569 900 717 938 nostro
738 893 945 953 imprimis
971 902 1160 954 tempore
1193 903 1254 941 est
1278 911 1380 954 gra-

275 966 483 1012 vissimum
503 999 515 1020 ,
528 982 615 1025 quo
640 976 727 1013 tam
747 969 888 1023 multi,
909 971 1052 1015 nescio
1079 987 1201 1028 quam
1216 1003 1229 1025 ,
1249 971 1379 1016 liber-

275 1049 401 1086 tatem
443 1044 531 1088 sine
562 1045 680 1102 justis
716 1046 902 1104 legibus,
952 1047 1040 1091 sine
1069 1047 1256 1092 moribus
1297 1047 1381 1092 ho-

275 1119 403 1169 nestis
435 1120 477 1163 in
507 1136 624 1165 suam
650 1122 906 1180 aliorumque
934 1124 1160 1182 perniciem
1187 1124 1382 1183 petulan-

277 1203 341 1238 ter
376 1195 586 1241 venditare
623 1198 769 1242 solent.
830 1200 978 1258 Apage
1003 1200 1125 1244 istam
1148 1200 1380 1249 libertatem

277 1270 446 1314 homine
487 1278 611 1328 atque
645 1273 841 1318 societate
873 1275 1214 1332 indignissimam.
1245 1301 1302 1313 —
1334 1278 1384 1321 In

279 1354 421 1390 nostra
457 1348 683 1393 Academia
731 1351 869 1394 seculo
905 1351 1028 1396 tertio
1068 1352 1257 1397 audiatur
1289 1353 1384 1398 dic-

280 1429 391 1467 tum:
434 1426 677 1468 Virtutum
709 1430 830 1473 servi
852 1444 1035 1481 sumus,
1067 1438 1118 1472 ut
1153 1431 1289 1474 liberi
1318 1433 1386 1475 si-

281 1514 395 1548 mus·

342 1575 480 1619 Placet
508 1577 631 1634 igitur
665 1578 827 1632 Omen,
866 1570 1042 1638 primam
1073 1582 1115 1624 in
1154 1582 1237 1626 hoc
1264 1583 1387 1627 tertio

281 1650 532 1701 Academiae
558 1661 726 1698 nostrae
743 1656 884 1699 seculo
896 1656 1110 1701 victoriam
1135 1659 1222 1715 ejus
1238 1659 1388 1703 Alum-

284 1739 365 1771 nos.
418 1728 470 1772 de
502 1729 573 1773 tali
612 1739 855 1789 argumento
899 1741 1158 1792 reportasse3
1199 1735 1389 1780 lubenter

283 1801 324 1853 id
354 1803 596 1862 accipimus,

342 1878 409 1927 Tu
445 1894 544 1924 vero
584 1895 711 1939 perge
755 1882 835 1927 hac
870 1885 982 1941 regia
1032 1886 1126 1939 via,
1183 1886 1266 1932 hoc
1303 1888 1390 1932 veri

287 1955 410 2007 recti,
427 1955 672 2014 honestique
699 1959 839 2003 studio
867 1959 957 2004 aliis
982 1962 1173 2021 exemplo
1202 1977 1316 2016 esse,
1347 1971 1394 2006 ut

288 2031 431 2086 quales
470 2031 650 2077 honores
693 2034 778 2091 jam
810 2035 885 2079 tibi
918 2044 958 2080 et
998 2038 1247 2082 Academiae
1271 2038 1392 2082 adfe-

289 2122 381 2157 ras,
414 2108 518 2155 tales
549 2109 772 2166 aliquando
815 2113 972 2156 fructus
1011 2114 1181 2172 capias,
1213 2128 1305 2158 cum
1336 2115 1391 2158 ad

291 2183 506 2232 doctrinae
542 2185 728 2237 laudem,
773 2194 856 2235 tum
895 2188 1100 2247 imprimis
1122 2190 1176 2233 ad
1205 2190 1395 2244 virtutem

292 2266 331 2311 ct
370 2274 505 2312 veram
539 2261 643 2316 vitae
671 2262 902 2316 felicitatem
930 2265 1176 2319 uberrimos.
