1492 2896
243 236 286 270 ῧΟ
579 233 1018 270 ΑΒΝΟΤΑΤΙΟ.

289 358 330 393 In
354 357 420 391 hac
440 355 573 392 Tabula
604 363 741 391 tantum
766 357 855 391 ratio
889 364 941 391 est
966 355 1083 390 habita
1110 368 1252 399 eorum,
1281 358 1342 404 qui

240 418 427 463 quotannis
458 418 700 464 recipiuntur,
738 418 906 463 neglectis
930 418 1018 458 illis,
1048 417 1108 462 qui
1133 418 1235 451 initio
1259 419 1342 452 anni

207 504 209 507 .
239 479 275 513 in
297 477 505 512 Nosocomiis
530 478 695 521 aderant;
718 489 827 524 quum
851 477 945 511 enim
968 477 1005 510 in
1027 476 1172 511 diversis
1192 477 1342 513 Nosoco-

238 538 316 572 iniis
340 550 507 573 numerus
533 539 803 580 incurabilium,
844 538 904 584 qui
943 537 1004 570 diu
1038 537 1203 583 adsuere,
1230 538 1342 585 insig-

237 599 332 633 niter
345 599 495 641 differat,
523 599 634 634 omnis
659 598 887 644 comparatio,
909 597 982 630 nisi>
997 597 1064 630 hoc
1088 597 1191 631 modo
1212 597 1340 640 fitsin-

237 665 335 693 certa
348 659 509 693 redditur
518 686 526 701 ‚
556 659 651 705 quod
664 659 823 705 inprimis
835 658 879 692 de
902 657 1095 703 majoribus
1106 656 1317 692 Nosocomiis
1329 684 1341 700 ‚

238 720 290 753 nti
313 719 452 754 Bicetre
484 725 519 754 et
550 720 786 765 Salpetriere,
814 718 920 753 valet.

282 781 465 816 Praeterea
476 781 685 815 monendum
700 785 751 814 est
765 780 859 814 inter
878 779 978 819 illos,
1011 777 1074 824 qui
1099 777 1243 812 sanatie
1269 778 1338 812 No-

233 841 384 875 socomio
418 846 538 875 nostro
572 841 593 875 5
629 840 814 886 postremis
845 838 945 873 annis
971 838 1101 884 egressi
1126 844 1226 881 sunt,
1268 850 1340 873 non

232 907 452 936 enumeratos
478 913 550 936 esse
575 902 675 943 illos,
709 901 771 947 qui
801 900 910 945 magis
944 899 1104 933 minusve
1139 899 1337 941 emendati,

231 974 302 996 non
314 974 395 996 vero
405 974 547 1009 prorsus
559 963 734 1003 restituti,
749 960 890 995 familiis
906 959 975 993 suis
990 965 1073 993 sunt
1088 959 1208 993 traditi
1223 972 1232 1002 ;
1248 971 1337 1005 quo-

230 1035 309 1057 rum
342 1035 509 1058 numerus
545 1022 614 1057 fuit
636 1023 674 1064 8,
705 1024 799 1057 inter
835 1033 922 1067 quos
943 1032 1052 1062 unus,
1094 1020 1244 1054 multum
1262 1020 1338 1065 jam

229 1085 450 1125 emendatus,
469 1090 588 1131 postea
622 1083 764 1130 penitus
788 1083 972 1116 restitutus
1003 1087 1077 1122 est,
1118 1080 1196 1114 sine
1220 1080 1338 1114 alieno

227 1145 372 1180 auxilio.

275 1207 437 1240 Nostrum
473 1205 737 1246 Nosocomium‚
764 1210 948 1251 postquam
987 1202 1210 1237 emendatum
1245 1200 1332 1242 fuit,

228 1280 307 1302 oum
345 1267 506 1314 pluribus
542 1266 753 1300 Nosocomiis
786 1265 941 1299 externis
983 1276 1054 1299 non
1087 1264 1162 1297 sine
1202 1262 1338 1297 honore

227 1340 325 1376 posse
365 1327 576 1374 comparari,
635 1325 795 1372 inprimis
840 1336 882 1358 ex
934 1336 975 1358 eo
1023 1329 1183 1370 apparet,
1242 1323 1337 1369 quod

226 1401 289 1424 nos
334 1389 369 1422 in
415 1393 534 1423 nostro
578 1387 715 1420 valculo
759 1385 972 1420 incurabiles
995 1412 1002 1425 ‚
1052 1395 1168 1430 neque
1208 1394 1337 1429 paucos

227 1461 328 1489 sane,
370 1449 430 1494 qni
475 1449 497 1482 5
542 1447 674 1481 ultimis
711 1447 812 1480 annis<
859 1450 1078 1479 accesserunt
1093 1471 1101 1486 ‚
1153 1456 1224 1478 non
1271 1454 1334 1477 ex-

225 1510 411 1549 vlnsiinus,
447 1509 496 1543 ita
521 1515 560 1542 ut
598 1519 766 1542 numerus
790 1506 858 1541 217
883 1505 1156 1551 comprehendat
1192 1516 1338 1550 quoque

226 1569 431 1610 imbecilles,
452 1568 594 1607 idiotas,
613 1567 837 1612 Epilepticos,
853 1576 1057 1610 omnesque,
1073 1576 1222 1610 quorum
1236 1575 1334 1597 casus

226 1630 414 1663 inveterati
439 1635 550 1663 erant.
571 1627 623 1661 Ad
634 1628 726 1661 hanc
741 1638 812 1659 rem
829 1626 987 1672 inprimis
1000 1631 1051 1658 est
1064 1623 1329 1658 attendendum.

274 1690 360 1724 Haeo
370 1701 470 1724 causa
485 1695 616 1730 est,‹.=ur
630 1688 721 1721 ratio
736 1687 871 1720 numeri
886 1692 1085 1720 sanatorum
1100 1685 1334 1719 Maniaeornm

223 1752 259 1785 in
286 1751 431 1785 diversis
457 1749 666 1784 Nosocomiis
691 1755 828 1782 tantum
841 1747 999 1790 differat3
1027 1746 1138 1780 veluti
1163 1757 1331 1779 numerus

224 1813 459 1846 Maniucorum
471 1811 507 1844 in
522 1811 660 1844 Bicetre
672 1815 706 1842 et
721 1809 956 1854 Salpetriere,
975 1808 1036 1852 qui
1058 1817 1164 1840 curae
1175 1805 1335 1840 medicae

223 1873 394 1907 eommissi
427 1877 529 1912 sunt,
582 1870 850 1916 comprehendit
884 1869 1024 1914 quidem
1064 1867 1261 1901 Imbecilles
1298 1872 1332 1900 et

223 1934 433 1979 Epilepticos
460 1931 531 1979 (a),
561 1931 621 1965 sed
644 1931 777 1965 exclusi
802 1936 883 1964 sunt
909 1929 1142 1969 incurabiles,
1172 1928 1234 1974 qui
1261 1928 1336 1961 illis

223 1995 322 2028 anuis
347 1999 586 2032 accesserunt,
616 2004 767 2038 quorum
799 2002 965 2024 numerus
992 1990 1059 2023 fuit
1091 1990 1161 2025 950
1188 1989 1222 2022 in
1250 1988 1325 2033 pri-

223 2067 277 2089 ma
298 2056 388 2087 serie
413 2054 457 2087 ab
475 2065 568 2088 anno
584 2053 673 2086 1825
688 2052 732 2086 ad
757 2052 845 2085 1828
861 2064 869 2094 ς
885 2051 954 2084 960
968 2051 1004 2083 in
1019 2049 1171 2083 secunda
1193 2054 1228 2081 ot
1255 2055 1327 2082 ter-

222 2118 269 2151 tia
281 2116 381 2158 serie3
397 2115 522 2149 horum
539 2121 652 2148 tamen
665 2113 775 2147 sanati
786 2112 928 2146 suerel3
942 2111 1092 2156 eprima,
1114 2110 1155 2142 12
1170 2120 1189 2141 e
1203 2120 1327 2142 secun-

222 2178 281 2216 da.
298 2183 333 2211 et
349 2178 385 2210 11
411 2188 431 2210 e
449 2177 552 2210 tertia
568 2175 672 2216 serie,
691 2175 819 2220 quihus
838 2173 965 2206 additis
978 2198 985 2212 ,
1015 2172 1103 2204 ratio
1128 2176 1329 2203 sanatorum

265 2322 312 2362 (a)
338 2320 413 2352 Vid.
426 2319 556 2358 compte
579 2316 673 2346 rendu
697 2320 724 2344 et
747 2314 852 2343 T.÷l».1
875 2316 1075 2351 compar-*uiam
1095 2322 1161 2338 vum
1175 2309 1254 2339 Tau..
1268 2308 1327 2339 Vl.
