1492 2896
228 255 276 293 το
619 240 941 291 msomsmo

232 355 332 393 Haec
364 352 507 399 aliaque
535 352 647 405 hujus
677 351 817 399 generis
845 352 975 400 exigua
1005 349 1204 397 obtinent3
1233 349 1345 399 magi·

235 434 309 462 ster
331 423 536 470 discipulos
557 422 689 458 metuit
713 421 835 468 iisque
855 421 1065 466 blanditur,
1087 429 1346 468 spernuntque

234 493 408 541 discipuli
449 492 646 540 magistros
683 491 781 529 haud
823 502 931 528 secus
963 502 1004 527 ac
1041 490 1232 528 custodes.
1293 490 1346 528 Et

233 564 407 603 universe
438 563 605 612 juniores
632 561 842 599 senioribus
867 572 949 598 sese
974 559 1175 598 assimilant
1200 570 1237 598 et
1263 571 1345 598 vet·

233 635 291 672 bis
327 633 508 680 factisque
537 643 621 670 cum
661 632 705 669 iis
742 632 955 677 decertant,
997 641 1103 668 senes
1141 639 1261 668 autem
1298 630 1344 668 ad

229 705 387 754 Juvenes
411 715 451 741 se
473 703 707 741 demittentes
733 700 875 739 facetiis
902 708 939 737 et
963 700 1106 738 salibus
1128 700 1174 737 ad
1197 699 1344 738 satieta-

232 783 307 811 tem
335 785 455 821 usque
481 773 701 821 indulgent,
741 773 825 809 dum
864 772 1019 819 Juvenes
1053 769 1271 816 imitantur,
1295 779 1344 806 ne

232 844 365 893 ingrati
390 843 436 881 iis
460 854 546 881 esse
568 850 604 880 et
628 841 819 891 imperiosi
840 840 1047 879 videantur.
1069 861 1122 871 --
1159 839 1213 877 Ita
1236 838 1346 887 plane

234 923 307 952 est.
327 935 379 943 —
427 913 605 964 Extrema
631 922 722 949 vero
739 939 751 958 ,
784 910 924 956 amice,
959 909 1207 948 multitudinis
1233 909 1346 946 liber-

233 993 289 1021 tas
312 991 448 1031 quanta
473 982 521 1020 sit
541 981 578 1019 in
602 981 787 1030 ejusmodi
806 980 981 1027 civitate,
1002 987 1117 1028 quum
1139 979 1204 1026 qui
1220 989 1348 1016 emun-

233 1062 319 1100 tur,
342 1061 414 1090 tam
440 1051 537 1090 servi
564 1063 672 1099 quarn
696 1062 838 1098 servae,
861 1050 1105 1088 nihilominus
1129 1049 1235 1087 liberi
1256 1057 1345 1086 sunt

235 1133 345 1170 quam
372 1122 436 1170 qui
462 1133 528 1159 eos
553 1129 741 1166 emerunt,
768 1127 980 1168 quantaque
1006 1118 1222 1157 mulieribus
1240 1119 1347 1168 juxta

234 1193 336 1230 viros
376 1191 544 1239 virisque
572 1193 676 1240 juxta
709 1192 878 1228 mulieres
915 1189 1115 1237 aequalitas
1150 1189 1200 1226 sit
1232 1196 1348 1236 atque

234 1261 412 1309 libertas,
438 1272 551 1309 paene
580 1260 686 1298 obliti
713 1271 843 1298 sumus
868 1260 1004 1299 dicere.
1026 1281 1080 1290 -—
1117 1259 1256 1297 Nonne
1278 1257 1348 1307 igi—

235 1340 299 1370 tur
335 1331 538 1369 secundum
575 1329 804 1378 Aeschylum
838 1330 1025 1376 dicamus,
1060 1329 1164 1376 quod
1183 1339 1282 1366 nunc
1307 1330 1348 1366 in

234 1400 384 1438 buccam
414 1400 526 1438 nobis
555 1401 689 1440 venit?
715 1422 766 1429 —
817 1399 1008 1438 Omnino:
1044 1407 1081 1436 et
1115 1399 1164 1436 ita
1198 1397 1344 1445 quidem

235 1469 334 1507 dico.
379 1469 474 1507 Nam
497 1468 663 1515 bestiae,
689 1480 784 1516 quae
806 1477 895 1507 sunt
918 1469 1133 1506 hominibus
1159 1468 1348 1517 subjectae

236 1546 376 1587 quanto
402 1538 594 1576 liberiores
627 1538 701 1575 sint
727 1538 764 1575 in
790 1539 848 1576 illa
874 1537 1026 1576 civitate
1052 1548 1160 1584 quam
1186 1537 1224 1574 in
1250 1536 1344 1584 alia,

234 1620 309 1647 non
334 1607 445 1646 facile
467 1608 551 1657 quis
577 1609 701 1646 credat
719 1635 731 1656 ‚
755 1608 827 1645 nisi
853 1619 926 1645 rem
949 1608 1064 1656 ipsam
1090 1608 1346 1655 conspexerit·

235 1676 399 1716 Omnino
422 1678 517 1716 enim
544 1689 587 1715 ex
611 1677 812 1727 proverbio
838 1679 988 1716 catellae
1013 1686 1101 1715 sunt
1128 1677 1344 1725 perinde-*ac

235 1748 368 1796 herae,
393 1756 429 1786 et
459 1748 545 1796 equi
572 1749 751 1796 asellique
777 1758 953 1796 perquam
981 1746 1095 1784 libere
1121 1757 1156 1784 et
1184 1746 1344 1795 graviter

234 1817 403 1856 incedere
426 1826 731 1864 consueverunt,
770 1825 810 1855 ut
837 1817 874 1854 in
902 1817 1047 1854 obviam
1078 1827 1264 1865 quemque
1290 1816 1348 1854 in-

235 1895 411 1933 currant,
453 1886 526 1925 nisi
575 1887 620 1925 de
666 1887 725 1924 via
764 1887 945 1935 cesserit3
993 1895 1105 1935 atque
1140 1887 1189 1924 ita
1229 1895 1346 1925 cetera

237 1957 360 1995 omnia
385 1958 492 2005 plena
519 1966 607 1996 sunt
636 1956 846 1995 libertatis”
872 1956 958 2006 (1).

287 2026 357 2064 Est
390 2027 450 2063 hic
482 2026 799 2064 celebratissimus
834 2027 880 2064 de
906 2026 1121 2075 degenerata
1149 2025 1280 2074 populi
1307 2025 1351 2062 li-

234 2096 374 2134 bertate
410 2097 542 2144 locus,
585 2098 693 2146 cujtis
726 2097 912 2134 veritatem
944 2108 1028 2134 cum
1063 2096 1234 2134 universe
1260 2105 1349 2142 gen-

233 2166 324 2207 tium
350 2166 524 2213 historia,
558 2176 635 2205 tum
663 2166 795 2214 nimis,
820 2165 932 2204 eheu!
966 2164 1138 2214 probavit
1165 2165 1347 2202 recentior

1290 2247 1348 2273 ae-

273 2355 327 2390 (ι)
355 2349 436 2379 l‘lat.
459 2351 496 2381 de
517 2352 602 2391 Rep.
624 2350 701 2381 Lib.
727 2350 826 2381 VIII.
849 2362 882 2390 p.
904 2351 974 2381 562.
999 2350 1033 2381 Π.
1053 2365 1091 2374 ·-
1111 2349 1181 2381 565.
1205 2350 1244 2380 C.
