<?xml version="1.0" encoding="UTF-8"?>
<!DOCTYPE html PUBLIC "-//W3C//DTD XHTML 1.0 Transitional//EN"
    "http://www.w3.org/TR/xhtml1/DTD/xhtml1-transitional.dtd">
<html xmlns="http://www.w3.org/1999/xhtml" xml:lang="en" lang="en">
 <head>
  <title>
</title>
<meta http-equiv="Content-Type" content="text/html;charset=utf-8" />
  <meta name='ocr-system' content='tesseract 3.04.00' />
  <meta name='ocr-capabilities' content='ocr_page ocr_carea ocr_par ocr_line ocrx_word'/>
</head>
<body>
  <div class='ocr_page' id='page_1' title='image "annalesacademiae36acad_0405.png"; bbox 0 0 1492 2896; ppageno 0'>
   <div class='ocr_carea' id='block_1_1' title="bbox 316 230 1245 291">
    <p class='ocr_par' dir='ltr' id='par_1_1' title="bbox 316 230 1245 291">
     <span class='ocr_line' id='line_1_1' title="bbox 316 230 1245 291; baseline 0.013 -21"><span class='ocrx_word' id='word_1_1' title='bbox 316 230 705 272; x_wconf 89' lang='lat' dir='ltr'>PHILOSOPHICO</span> <span class='ocrx_word' id='word_1_2' title='bbox 717 256 733 264; x_wconf 90' lang='lat'><em>-</em></span> <span class='ocrx_word' id='word_1_3' title='bbox 748 235 1056 279; x_wconf 86' lang='lat' dir='ltr'>HISTORICA.</span> <span class='ocrx_word' id='word_1_4' title='bbox 1198 246 1245 291; x_wconf 82' lang='lat'>69</span> 
     </span>
    </p>
   </div>
   <div class='ocr_carea' id='block_1_2' title="bbox 79 339 1249 2207">
    <p class='ocr_par' dir='ltr' id='par_1_2' title="bbox 79 339 1249 2136">
     <span class='ocr_line' id='line_1_2' title="bbox 124 339 1237 394; baseline 0.012 -18"><span class='ocrx_word' id='word_1_5' title='bbox 124 339 260 388; x_wconf 88' lang='lat' dir='ltr'>piditas</span> <span class='ocrx_word' id='word_1_6' title='bbox 297 348 576 388; x_wconf 85' lang='lat' dir='ltr'>ceterarumque</span> <span class='ocrx_word' id='word_1_7' title='bbox 610 353 730 380; x_wconf 88' lang='lat' dir='ltr'>rerum</span> <span class='ocrx_word' id='word_1_8' title='bbox 764 346 988 394; x_wconf 75' lang='lat' dir='ltr'>negligentia</span> <span class='ocrx_word' id='word_1_9' title='bbox 1024 361 1107 387; x_wconf 89' lang='lat' dir='ltr'>cum</span> <span class='ocrx_word' id='word_1_10' title='bbox 1148 352 1237 390; x_wconf 83' lang='lat' dir='ltr'>hanc</span> 
     </span>
     <span class='ocr_line' id='line_1_3' title="bbox 123 408 1249 466; baseline 0.013 -21"><span class='ocrx_word' id='word_1_11' title='bbox 123 408 311 457; x_wconf 88' lang='lat' dir='ltr'>regiminis</span> <span class='ocrx_word' id='word_1_12' title='bbox 344 409 499 448; x_wconf 84' lang='lat' dir='ltr'>formam</span> <span class='ocrx_word' id='word_1_13' title='bbox 534 422 738 450; x_wconf 88' lang='lat' dir='ltr'>commutat</span> <span class='ocrx_word' id='word_1_14' title='bbox 776 424 853 452; x_wconf 86' lang='lat' dir='ltr'>tum</span> <span class='ocrx_word' id='word_1_15' title='bbox 880 418 915 453; x_wconf 85' lang='lat' dir='ltr'>in</span> <span class='ocrx_word' id='word_1_16' title='bbox 942 419 1124 466; x_wconf 83' lang='lat' dir='ltr'>eJ’usmodi</span> <span class='ocrx_word' id='word_1_17' title='bbox 1148 434 1249 459; x_wconf 72' lang='lat' dir='ltr'>con-1</span> 
     </span>
     <span class='ocr_line' id='line_1_4' title="bbox 115 477 1240 537; baseline 0.01 -22"><span class='ocrx_word' id='word_1_18' title='bbox 115 477 372 530; x_wconf 17' lang='lat' dir='ltr'>jicitvstatum⁹</span> <span class='ocrx_word' id='word_1_19' title='bbox 390 491 432 518; x_wconf 91' lang='lat' dir='ltr'>ut</span> <span class='ocrx_word' id='word_1_20' title='bbox 447 483 640 529; x_wconf 82' lang='lat' dir='ltr'>tyrannide</span> <span class='ocrx_word' id='word_1_21' title='bbox 655 485 842 532; x_wconf 77' lang='lat' dir='ltr'>indigeat?</span> <span class='ocrx_word' id='word_1_22' title='bbox 861 509 913 516; x_wconf 92' lang='lat'>—-</span> <span class='ocrx_word' id='word_1_23' title='bbox 940 487 1141 537; x_wconf 77' lang='lat' dir='ltr'>Quomodo</span> <span class='ocrx_word' id='word_1_24' title='bbox 1154 493 1169 525; x_wconf 64' lang='grc' dir='ltr'>ἵ)</span> <span class='ocrx_word' id='word_1_25' title='bbox 1184 513 1240 523; x_wconf 69' lang='grc'>--</span> 
     </span>
     <span class='ocr_line' id='line_1_5' title="bbox 119 546 1233 606; baseline 0.013 -22"><span class='ocrx_word' id='word_1_26' title='bbox 119 546 216 585; x_wconf 89' lang='lat' dir='ltr'>Cum</span> <span class='ocrx_word' id='word_1_27' title='bbox 245 550 341 587; x_wconf 88' lang='lat' dir='ltr'>enim</span> <span class='ocrx_word' id='word_1_28' title='bbox 368 551 459 600; x_wconf 88' lang='lat'>(1),</span> <span class='ocrx_word' id='word_1_29' title='bbox 488 553 646 599; x_wconf 71' lang='lat' dir='ltr'>opinor,</span> <span class='ocrx_word' id='word_1_30' title='bbox 675 554 916 601; x_wconf 84' lang='lat' dir='ltr'>inexplebiles</span> <span class='ocrx_word' id='word_1_31' title='bbox 949 560 1082 606; x_wconf 87' lang='lat' dir='ltr'>populi</span> <span class='ocrx_word' id='word_1_32' title='bbox 1107 560 1233 599; x_wconf 80' lang='lat' dir='ltr'>fauces</span> 
     </span>
     <span class='ocr_line' id='line_1_6' title="bbox 114 621 1234 673; baseline 0.013 -18"><span class='ocrx_word' id='word_1_33' title='bbox 114 629 338 657; x_wconf 87' lang='lat' dir='ltr'>exaruerunt</span> <span class='ocrx_word' id='word_1_34' title='bbox 371 621 550 660; x_wconf 81' lang='lat' dir='ltr'>libertatis</span> <span class='ocrx_word' id='word_1_35' title='bbox 586 624 681 669; x_wconf 81' lang='lat' dir='ltr'>siti,</span> <span class='ocrx_word' id='word_1_36' title='bbox 723 625 903 673; x_wconf 86' lang='lat' dir='ltr'>malisque</span> <span class='ocrx_word' id='word_1_37' title='bbox 942 639 1031 672; x_wconf 82' lang='lat' dir='ltr'>usus</span> <span class='ocrx_word' id='word_1_38' title='bbox 1070 630 1132 667; x_wconf 90' lang='lat' dir='ltr'>ille</span> <span class='ocrx_word' id='word_1_39' title='bbox 1165 632 1234 668; x_wconf 88' lang='lat' dir='ltr'>mi-</span> 
     </span>
     <span class='ocr_line' id='line_1_7' title="bbox 79 686 1246 740; baseline 0.013 -16"><span class='ocrx_word' id='word_1_40' title='bbox 79 703 81 705; x_wconf 52' lang='lat'>&gt;</span> <span class='ocrx_word' id='word_1_41' title='bbox 112 686 241 726; x_wconf 86' lang='lat' dir='ltr'>nistris</span> <span class='ocrx_word' id='word_1_42' title='bbox 268 700 346 727; x_wconf 91' lang='lat' dir='ltr'>non</span> <span class='ocrx_word' id='word_1_43' title='bbox 372 692 514 729; x_wconf 87' lang='lat' dir='ltr'>modice</span> <span class='ocrx_word' id='word_1_44' title='bbox 538 701 772 740; x_wconf 83' lang='lat' dir='ltr'>temperatam</span> <span class='ocrx_word' id='word_1_45' title='bbox 791 724 802 739; x_wconf 75' lang='lat'>‚</span> <span class='ocrx_word' id='word_1_46' title='bbox 829 698 893 734; x_wconf 86' lang='lat' dir='ltr'>sed</span> <span class='ocrx_word' id='word_1_47' title='bbox 916 697 1026 736; x_wconf 89' lang='lat' dir='ltr'>nimis</span> <span class='ocrx_word' id='word_1_48' title='bbox 1055 701 1246 739; x_wconf 79' lang='lat' dir='ltr'>meracam</span> 
     </span>
     <span class='ocr_line' id='line_1_8' title="bbox 109 756 1231 818; baseline 0.013 -24"><span class='ocrx_word' id='word_1_49' title='bbox 109 756 316 796; x_wconf 89' lang='lat' dir='ltr'>libertatem</span> <span class='ocrx_word' id='word_1_50' title='bbox 338 760 468 798; x_wconf 90' lang='lat' dir='ltr'>sitiens</span> <span class='ocrx_word' id='word_1_51' title='bbox 490 763 676 809; x_wconf 85' lang='lat' dir='ltr'>hauserit,</span> <span class='ocrx_word' id='word_1_52' title='bbox 705 773 784 801; x_wconf 90' lang='lat' dir='ltr'>tum</span> <span class='ocrx_word' id='word_1_53' title='bbox 809 767 1049 815; x_wconf 79' lang='lat' dir='ltr'>magistratus</span> <span class='ocrx_word' id='word_1_54' title='bbox 1076 779 1111 807; x_wconf 92' lang='lat' dir='ltr'>et</span> <span class='ocrx_word' id='word_1_55' title='bbox 1129 772 1231 818; x_wconf 87' lang='lat' dir='ltr'>prin—</span> 
     </span>
     <span class='ocr_line' id='line_1_9' title="bbox 109 826 1227 886; baseline 0.013 -22"><span class='ocrx_word' id='word_1_56' title='bbox 109 826 238 874; x_wconf 90' lang='lat' dir='ltr'>cipes,</span> <span class='ocrx_word' id='word_1_57' title='bbox 271 829 343 867; x_wconf 89' lang='lat' dir='ltr'>nisi</span> <span class='ocrx_word' id='word_1_58' title='bbox 370 831 476 869; x_wconf 90' lang='lat' dir='ltr'>valde</span> <span class='ocrx_word' id='word_1_59' title='bbox 501 833 602 870; x_wconf 86' lang='lat' dir='ltr'>lenes</span> <span class='ocrx_word' id='word_1_60' title='bbox 626 845 666 870; x_wconf 88' lang='lat' dir='ltr'>ac</span> <span class='ocrx_word' id='word_1_61' title='bbox 692 835 837 873; x_wconf 85' lang='lat' dir='ltr'>remissi</span> <span class='ocrx_word' id='word_1_62' title='bbox 864 837 939 874; x_wconf 88' lang='lat' dir='ltr'>sint</span> <span class='ocrx_word' id='word_1_63' title='bbox 965 850 1005 875; x_wconf 86' lang='lat' dir='ltr'>ac</span> <span class='ocrx_word' id='word_1_64' title='bbox 1036 840 1134 886; x_wconf 86' lang='lat' dir='ltr'>large</span> <span class='ocrx_word' id='word_1_65' title='bbox 1156 842 1227 879; x_wconf 86' lang='lat' dir='ltr'>sibi</span> 
     </span>
     <span class='ocr_line' id='line_1_10' title="bbox 109 896 1235 957; baseline 0.014 -24"><span class='ocrx_word' id='word_1_66' title='bbox 109 896 313 936; x_wconf 84' lang='lat' dir='ltr'>libertatem</span> <span class='ocrx_word' id='word_1_67' title='bbox 356 900 591 948; x_wconf 83' lang='lat' dir='ltr'>ministrent,</span> <span class='ocrx_word' id='word_1_68' title='bbox 635 904 872 952; x_wconf 79' lang='lat' dir='ltr'>insequitur,</span> <span class='ocrx_word' id='word_1_69' title='bbox 915 907 1136 957; x_wconf 76' lang='lat' dir='ltr'>insimulat,</span> <span class='ocrx_word' id='word_1_70' title='bbox 1177 923 1235 949; x_wconf 87' lang='lat' dir='ltr'>ar-</span> 
     </span>
     <span class='ocr_line' id='line_1_11' title="bbox 108 967 1232 1024; baseline 0.015 -22"><span class='ocrx_word' id='word_1_71' title='bbox 108 967 218 1014; x_wconf 84' lang='lat' dir='ltr'>guit3</span> <span class='ocrx_word' id='word_1_72' title='bbox 267 978 553 1017; x_wconf 79' lang='lat' dir='ltr'>praepotentes,</span> <span class='ocrx_word' id='word_1_73' title='bbox 605 984 708 1021; x_wconf 84' lang='lat' dir='ltr'>reges</span> <span class='ocrx_word' id='word_1_74' title='bbox 726 1003 738 1021; x_wconf 81' lang='lat'>‚</span> <span class='ocrx_word' id='word_1_75' title='bbox 791 983 970 1024; x_wconf 88' lang='lat' dir='ltr'>tyrannos</span> <span class='ocrx_word' id='word_1_76' title='bbox 1022 990 1143 1017; x_wconf 88' lang='lat' dir='ltr'>vocat.</span> <span class='ocrx_word' id='word_1_77' title='bbox 1180 1002 1232 1011; x_wconf 90' lang='lat'>-—</span> 
     </span>
     <span class='ocr_line' id='line_1_12' title="bbox 107 1036 1226 1097; baseline 0.014 -25"><span class='ocrx_word' id='word_1_78' title='bbox 107 1036 264 1073; x_wconf 88' lang='lat' dir='ltr'>Faciunt</span> <span class='ocrx_word' id='word_1_79' title='bbox 292 1038 464 1085; x_wconf 88' lang='lat' dir='ltr'>profecto</span> <span class='ocrx_word' id='word_1_80' title='bbox 494 1042 624 1079; x_wconf 84' lang='lat' dir='ltr'>hocce.</span> <span class='ocrx_word' id='word_1_81' title='bbox 654 1065 705 1072; x_wconf 93' lang='lat'>—·-</span> <span class='ocrx_word' id='word_1_82' title='bbox 752 1045 832 1082; x_wconf 86' lang='lat' dir='ltr'>Eos</span> <span class='ocrx_word' id='word_1_83' title='bbox 860 1058 948 1083; x_wconf 85' lang='lat' dir='ltr'>vero</span> <span class='ocrx_word' id='word_1_84' title='bbox 966 1076 977 1093; x_wconf 74' lang='lat'>‚</span> <span class='ocrx_word' id='word_1_85' title='bbox 1007 1050 1073 1095; x_wconf 85' lang='lat' dir='ltr'>qui</span> <span class='ocrx_word' id='word_1_86' title='bbox 1098 1061 1226 1097; x_wconf 79' lang='lat' dir='ltr'>parent</span> 
     </span>
     <span class='ocr_line' id='line_1_13' title="bbox 106 1105 1226 1159; baseline 0.015 -18"><span class='ocrx_word' id='word_1_87' title='bbox 106 1105 364 1156; x_wconf 84' lang='lat' dir='ltr'>principibus,</span> <span class='ocrx_word' id='word_1_88' title='bbox 408 1109 613 1156; x_wconf 70' lang='lat' dir='ltr'>ignominia</span> <span class='ocrx_word' id='word_1_89' title='bbox 645 1113 778 1159; x_wconf 73' lang='lat' dir='ltr'>afficit,</span> <span class='ocrx_word' id='word_1_90' title='bbox 809 1124 851 1153; x_wconf 88' lang='lat' dir='ltr'>ut</span> <span class='ocrx_word' id='word_1_91' title='bbox 883 1128 1013 1154; x_wconf 86' lang='lat' dir='ltr'>servos</span> <span class='ocrx_word' id='word_1_92' title='bbox 1052 1121 1226 1158; x_wconf 83' lang='lat' dir='ltr'>voiunta—</span> 
     </span>
     <span class='ocr_line' id='line_1_14' title="bbox 107 1174 1229 1238; baseline 0.014 -27"><span class='ocrx_word' id='word_1_93' title='bbox 107 1174 183 1213; x_wconf 91' lang='lat' dir='ltr'>rios</span> <span class='ocrx_word' id='word_1_94' title='bbox 224 1185 260 1214; x_wconf 92' lang='lat' dir='ltr'>et</span> <span class='ocrx_word' id='word_1_95' title='bbox 296 1179 401 1216; x_wconf 88' lang='lat' dir='ltr'>nihili</span> <span class='ocrx_word' id='word_1_96' title='bbox 437 1180 635 1229; x_wconf 77' lang='lat' dir='ltr'>homines3</span> <span class='ocrx_word' id='word_1_97' title='bbox 675 1195 739 1221; x_wconf 86' lang='lat' dir='ltr'>eos</span> <span class='ocrx_word' id='word_1_98' title='bbox 776 1195 923 1232; x_wconf 76' lang='lat' dir='ltr'>autem,</span> <span class='ocrx_word' id='word_1_99' title='bbox 957 1188 1021 1234; x_wconf 87' lang='lat' dir='ltr'>qui</span> <span class='ocrx_word' id='word_1_100' title='bbox 1050 1189 1086 1225; x_wconf 84' lang='lat' dir='ltr'>in</span> <span class='ocrx_word' id='word_1_101' title='bbox 1116 1191 1229 1238; x_wconf 85' lang='lat' dir='ltr'>magi-</span> 
     </span>
     <span class='ocr_line' id='line_1_15' title="bbox 106 1248 1231 1309; baseline 0.015 -28"><span class='ocrx_word' id='word_1_102' title='bbox 106 1253 223 1283; x_wconf 84' lang='lat' dir='ltr'>stratu</span> <span class='ocrx_word' id='word_1_103' title='bbox 251 1248 479 1295; x_wconf 78' lang='lat' dir='ltr'>privatorum</span> <span class='ocrx_word' id='word_1_104' title='bbox 513 1261 595 1288; x_wconf 87' lang='lat' dir='ltr'>esse</span> <span class='ocrx_word' id='word_1_105' title='bbox 623 1252 762 1291; x_wconf 87' lang='lat' dir='ltr'>similes</span> <span class='ocrx_word' id='word_1_106' title='bbox 791 1256 925 1293; x_wconf 86' lang='lat' dir='ltr'>volunt</span> <span class='ocrx_word' id='word_1_107' title='bbox 942 1284 953 1302; x_wconf 67' lang='lat'><em>7</em></span> <span class='ocrx_word' id='word_1_108' title='bbox 987 1270 1128 1306; x_wconf 76' lang='lat' dir='ltr'>eosque</span> <span class='ocrx_word' id='word_1_109' title='bbox 1154 1262 1231 1309; x_wconf 89' lang='lat' dir='ltr'>pri-</span> 
     </span>
     <span class='ocr_line' id='line_1_16' title="bbox 105 1317 1224 1375; baseline 0.016 -24"><span class='ocrx_word' id='word_1_110' title='bbox 105 1323 242 1362; x_wconf 80' lang='lat' dir='ltr'>vatos,</span> <span class='ocrx_word' id='word_1_111' title='bbox 283 1317 350 1365; x_wconf 88' lang='lat' dir='ltr'>qui</span> <span class='ocrx_word' id='word_1_112' title='bbox 392 1319 582 1367; x_wconf 85' lang='lat' dir='ltr'>efficiunt,</span> <span class='ocrx_word' id='word_1_113' title='bbox 628 1333 674 1359; x_wconf 89' lang='lat' dir='ltr'>ne</span> <span class='ocrx_word' id='word_1_114' title='bbox 709 1324 799 1371; x_wconf 88' lang='lat' dir='ltr'>quid</span> <span class='ocrx_word' id='word_1_115' title='bbox 833 1326 928 1363; x_wconf 87' lang='lat' dir='ltr'>inter</span> <span class='ocrx_word' id='word_1_116' title='bbox 964 1328 1146 1375; x_wconf 84' lang='lat' dir='ltr'>privatum</span> <span class='ocrx_word' id='word_1_117' title='bbox 1188 1341 1224 1369; x_wconf 88' lang='lat' dir='ltr'>et</span> 
     </span>
     <span class='ocr_line' id='line_1_17' title="bbox 106 1384 1228 1439; baseline 0.016 -18"><span class='ocrx_word' id='word_1_118' title='bbox 106 1384 358 1432; x_wconf 85' lang='lat' dir='ltr'>magistratum</span> <span class='ocrx_word' id='word_1_119' title='bbox 403 1388 573 1437; x_wconf 71' lang='lat' dir='ltr'>differat,</span> <span class='ocrx_word' id='word_1_120' title='bbox 614 1391 743 1431; x_wconf 88' lang='lat' dir='ltr'>ferunt</span> <span class='ocrx_word' id='word_1_121' title='bbox 780 1396 952 1436; x_wconf 89' lang='lat' dir='ltr'>laudibus</span> <span class='ocrx_word' id='word_1_122' title='bbox 991 1408 1027 1436; x_wconf 90' lang='lat' dir='ltr'>et</span> <span class='ocrx_word' id='word_1_123' title='bbox 1067 1410 1228 1439; x_wconf 82' lang='lat' dir='ltr'>mactant</span> 
     </span>
     <span class='ocr_line' id='line_1_18' title="bbox 105 1452 1227 1519; baseline 0.018 -30"><span class='ocrx_word' id='word_1_124' title='bbox 105 1452 331 1495; x_wconf 87' lang='lat' dir='ltr'>honoribus.</span> <span class='ocrx_word' id='word_1_125' title='bbox 388 1459 525 1497; x_wconf 86' lang='lat' dir='ltr'>Nonne</span> <span class='ocrx_word' id='word_1_126' title='bbox 561 1472 713 1501; x_wconf 88' lang='lat' dir='ltr'>necesse</span> <span class='ocrx_word' id='word_1_127' title='bbox 741 1474 798 1502; x_wconf 78' lang='lat' dir='ltr'>est</span> <span class='ocrx_word' id='word_1_128' title='bbox 835 1466 871 1503; x_wconf 85' lang='lat' dir='ltr'>in</span> <span class='ocrx_word' id='word_1_129' title='bbox 902 1470 1084 1516; x_wconf 82' lang='lat' dir='ltr'>eJ&#39;usmodi</span> <span class='ocrx_word' id='word_1_130' title='bbox 1117 1483 1227 1519; x_wconf 85' lang='lat' dir='ltr'>repu-</span> 
     </span>
     <span class='ocr_line' id='line_1_19' title="bbox 103 1523 1225 1586; baseline 0.016 -27"><span class='ocrx_word' id='word_1_131' title='bbox 103 1523 198 1561; x_wconf 85' lang='lat' dir='ltr'>blica</span> <span class='ocrx_word' id='word_1_132' title='bbox 226 1527 333 1572; x_wconf 88' lang='lat' dir='ltr'>plena</span> <span class='ocrx_word' id='word_1_133' title='bbox 361 1539 442 1565; x_wconf 87' lang='lat' dir='ltr'>esse</span> <span class='ocrx_word' id='word_1_134' title='bbox 465 1529 645 1568; x_wconf 86' lang='lat' dir='ltr'>libertatis</span> <span class='ocrx_word' id='word_1_135' title='bbox 682 1533 838 1571; x_wconf 79' lang='lat' dir='ltr'>omnia?-</span> <span class='ocrx_word' id='word_1_136' title='bbox 870 1558 919 1565; x_wconf 81' lang='lat'>-</span> <span class='ocrx_word' id='word_1_137' title='bbox 974 1537 1145 1586; x_wconf 70' lang='lat' dir='ltr'>Quidni?</span> <span class='ocrx_word' id='word_1_138' title='bbox 1170 1550 1225 1570; x_wconf 77' lang='lat'>&#39;—</span> 
     </span>
     <span class='ocr_line' id='line_1_20' title="bbox 103 1594 1222 1657; baseline 0.015 -27"><span class='ocrx_word' id='word_1_139' title='bbox 103 1594 300 1641; x_wconf 81' lang='lat' dir='ltr'>Eamque,</span> <span class='ocrx_word' id='word_1_140' title='bbox 334 1597 476 1645; x_wconf 85' lang='lat' dir='ltr'>amice,</span> <span class='ocrx_word' id='word_1_141' title='bbox 503 1600 609 1637; x_wconf 88' lang='lat' dir='ltr'>etiam</span> <span class='ocrx_word' id='word_1_142' title='bbox 640 1601 676 1638; x_wconf 89' lang='lat' dir='ltr'>in</span> <span class='ocrx_word' id='word_1_143' title='bbox 706 1603 867 1649; x_wconf 86' lang='lat' dir='ltr'>privatas</span> <span class='ocrx_word' id='word_1_144' title='bbox 895 1607 1000 1644; x_wconf 83' lang='lat' dir='ltr'>aedes</span> <span class='ocrx_word' id='word_1_145' title='bbox 1034 1609 1222 1657; x_wconf 67' lang='lat' dir='ltr'>irrepere,</span> 
     </span>
     <span class='ocr_line' id='line_1_21' title="bbox 103 1665 1223 1717; baseline 0.017 -19"><span class='ocrx_word' id='word_1_146' title='bbox 103 1671 143 1698; x_wconf 89' lang='lat' dir='ltr'>ut</span> <span class='ocrx_word' id='word_1_147' title='bbox 166 1673 202 1700; x_wconf 88' lang='lat' dir='ltr'>ct</span> <span class='ocrx_word' id='word_1_148' title='bbox 228 1665 293 1701; x_wconf 87' lang='lat' dir='ltr'>hae</span> <span class='ocrx_word' id='word_1_149' title='bbox 318 1677 447 1705; x_wconf 88' lang='lat' dir='ltr'>omnes</span> <span class='ocrx_word' id='word_1_150' title='bbox 475 1678 605 1707; x_wconf 87' lang='lat' dir='ltr'>vacent</span> <span class='ocrx_word' id='word_1_151' title='bbox 637 1673 891 1712; x_wconf 81' lang='lat' dir='ltr'>dominatione</span> <span class='ocrx_word' id='word_1_152' title='bbox 927 1686 961 1713; x_wconf 92' lang='lat' dir='ltr'>et</span> <span class='ocrx_word' id='word_1_153' title='bbox 988 1679 1058 1714; x_wconf 87' lang='lat' dir='ltr'>hoc</span> <span class='ocrx_word' id='word_1_154' title='bbox 1089 1682 1223 1717; x_wconf 81' lang='lat' dir='ltr'>malum</span> 
     </span>
     <span class='ocr_line' id='line_1_22' title="bbox 104 1736 1224 1793; baseline 0.017 -25"><span class='ocrx_word' id='word_1_155' title='bbox 104 1743 228 1779; x_wconf 85' lang='lat' dir='ltr'>usque</span> <span class='ocrx_word' id='word_1_156' title='bbox 254 1736 298 1772; x_wconf 83' lang='lat' dir='ltr'>ad</span> <span class='ocrx_word' id='word_1_157' title='bbox 324 1736 460 1775; x_wconf 85' lang='lat' dir='ltr'>bestias</span> <span class='ocrx_word' id='word_1_158' title='bbox 486 1741 711 1786; x_wconf 78' lang='lat' dir='ltr'>perveniat?</span> <span class='ocrx_word' id='word_1_159' title='bbox 735 1764 789 1771; x_wconf 92' lang='lat'>—-</span> <span class='ocrx_word' id='word_1_160' title='bbox 841 1745 1141 1793; x_wconf 82' lang='lat' dir='ltr'>Quomodohoc</span> <span class='ocrx_word' id='word_1_161' title='bbox 1170 1751 1224 1787; x_wconf 86' lang='lat' dir='ltr'>di-</span> 
     </span>
     <span class='ocr_line' id='line_1_23' title="bbox 104 1800 1222 1857; baseline 0.02 -22"><span class='ocrx_word' id='word_1_162' title='bbox 104 1800 253 1838; x_wconf 71' lang='lat' dir='ltr'>cimus?</span> <span class='ocrx_word' id='word_1_163' title='bbox 276 1826 330 1833; x_wconf 89' lang='lat'><strong>—</strong></span> <span class='ocrx_word' id='word_1_164' title='bbox 367 1806 448 1854; x_wconf 84' lang='lat' dir='ltr'>Ita,</span> <span class='ocrx_word' id='word_1_165' title='bbox 475 1817 515 1845; x_wconf 91' lang='lat' dir='ltr'>ut</span> <span class='ocrx_word' id='word_1_166' title='bbox 544 1819 647 1856; x_wconf 84' lang='lat' dir='ltr'>pater</span> <span class='ocrx_word' id='word_1_167' title='bbox 670 1811 734 1848; x_wconf 90' lang='lat' dir='ltr'>filii</span> <span class='ocrx_word' id='word_1_168' title='bbox 763 1813 896 1851; x_wconf 82' lang='lat' dir='ltr'>similis</span> <span class='ocrx_word' id='word_1_169' title='bbox 926 1816 1010 1853; x_wconf 84' lang='lat' dir='ltr'>fieri</span> <span class='ocrx_word' id='word_1_170' title='bbox 1029 1820 1222 1857; x_wconf 79' lang='lat' dir='ltr'>adsuescat</span> 
     </span>
     <span class='ocr_line' id='line_1_24' title="bbox 104 1875 1214 1936; baseline 0.018 -30"><span class='ocrx_word' id='word_1_171' title='bbox 104 1880 316 1920; x_wconf 84' lang='lat' dir='ltr'>metuatque</span> <span class='ocrx_word' id='word_1_172' title='bbox 348 1875 513 1924; x_wconf 81' lang='lat' dir='ltr'>liberos,</span> <span class='ocrx_word' id='word_1_173' title='bbox 546 1879 646 1917; x_wconf 84' lang='lat' dir='ltr'>filius</span> <span class='ocrx_word' id='word_1_174' title='bbox 674 1891 793 1919; x_wconf 76' lang='lat' dir='ltr'>autem</span> <span class='ocrx_word' id='word_1_175' title='bbox 823 1884 939 1930; x_wconf 78' lang='lat' dir='ltr'>patris</span> <span class='ocrx_word' id='word_1_176' title='bbox 975 1885 1034 1923; x_wconf 85' lang='lat' dir='ltr'>fiat</span> <span class='ocrx_word' id='word_1_177' title='bbox 1057 1889 1214 1936; x_wconf 85' lang='lat' dir='ltr'>similis,</span> 
     </span>
     <span class='ocr_line' id='line_1_25' title="bbox 102 1942 1219 2007; baseline 0.02 -32"><span class='ocrx_word' id='word_1_178' title='bbox 102 1948 221 1987; x_wconf 87' lang='lat' dir='ltr'>utque</span> <span class='ocrx_word' id='word_1_179' title='bbox 253 1942 344 1980; x_wconf 87' lang='lat' dir='ltr'>liber</span> <span class='ocrx_word' id='word_1_180' title='bbox 380 1945 429 1982; x_wconf 87' lang='lat' dir='ltr'>sit</span> <span class='ocrx_word' id='word_1_181' title='bbox 463 1957 582 1993; x_wconf 88' lang='lat' dir='ltr'>neque</span> <span class='ocrx_word' id='word_1_182' title='bbox 616 1955 824 1988; x_wconf 83' lang='lat' dir='ltr'>revereatur</span> <span class='ocrx_word' id='word_1_183' title='bbox 852 1965 974 2001; x_wconf 85' lang='lat' dir='ltr'>neque</span> <span class='ocrx_word' id='word_1_184' title='bbox 994 1965 1132 1995; x_wconf 84' lang='lat' dir='ltr'>metuat</span> <span class='ocrx_word' id='word_1_185' title='bbox 1155 1972 1219 2007; x_wconf 86' lang='lat' dir='ltr'>pa-</span> 
     </span>
     <span class='ocr_line' id='line_1_26' title="bbox 101 2011 1218 2072; baseline 0.019 -27"><span class='ocrx_word' id='word_1_186' title='bbox 101 2019 244 2057; x_wconf 83' lang='lat' dir='ltr'>rentes;</span> <span class='ocrx_word' id='word_1_187' title='bbox 269 2011 473 2060; x_wconf 86' lang='lat' dir='ltr'>inquilinus</span> <span class='ocrx_word' id='word_1_188' title='bbox 497 2026 616 2055; x_wconf 84' lang='lat' dir='ltr'>autem</span> <span class='ocrx_word' id='word_1_189' title='bbox 643 2019 716 2057; x_wconf 87' lang='lat' dir='ltr'>civi</span> <span class='ocrx_word' id='word_1_190' title='bbox 744 2030 779 2058; x_wconf 89' lang='lat' dir='ltr'>et</span> <span class='ocrx_word' id='word_1_191' title='bbox 803 2023 899 2059; x_wconf 88' lang='lat' dir='ltr'>civis</span> <span class='ocrx_word' id='word_1_192' title='bbox 926 2024 1113 2072; x_wconf 80' lang='lat' dir='ltr'>inquilino</span> <span class='ocrx_word' id='word_1_193' title='bbox 1138 2041 1218 2067; x_wconf 84' lang='lat' dir='ltr'>sese</span> 
     </span>
     <span class='ocr_line' id='line_1_27' title="bbox 100 2081 1216 2136; baseline 0.018 -19"><span class='ocrx_word' id='word_1_194' title='bbox 100 2081 278 2128; x_wconf 81' lang='lat' dir='ltr'>adaequet</span> <span class='ocrx_word' id='word_1_195' title='bbox 301 2084 511 2132; x_wconf 83' lang='lat' dir='ltr'>pariterque</span> <span class='ocrx_word' id='word_1_196' title='bbox 533 2090 765 2135; x_wconf 83' lang='lat' dir='ltr'>peregrinus.</span> <span class='ocrx_word' id='word_1_197' title='bbox 787 2113 839 2120; x_wconf 91' lang='lat'>-—</span> <span class='ocrx_word' id='word_1_198' title='bbox 884 2093 943 2131; x_wconf 83' lang='lat' dir='ltr'>Fit</span> <span class='ocrx_word' id='word_1_199' title='bbox 970 2107 1055 2133; x_wconf 86' lang='lat' dir='ltr'>sane</span> <span class='ocrx_word' id='word_1_200' title='bbox 1085 2099 1147 2136; x_wconf 90' lang='lat' dir='ltr'>ita.</span> <span class='ocrx_word' id='word_1_201' title='bbox 1164 2124 1216 2130; x_wconf 92' lang='grc'><strong>-</strong></span> 
     </span>
    </p>

    <p class='ocr_par' dir='ltr' id='par_1_3' title="bbox 1123 2171 1220 2207">
     <span class='ocr_line' id='line_1_28' title="bbox 1123 2171 1220 2207; baseline 0.01 -1"><span class='ocrx_word' id='word_1_202' title='bbox 1123 2171 1220 2207; x_wconf 85' lang='lat' dir='ltr'>Haec</span> 
     </span>
    </p>
   </div>
   <div class='ocr_carea' id='block_1_3' title="bbox 142 2224 1211 2282">
    <p class='ocr_par' dir='ltr' id='par_1_4' title="bbox 142 2224 1211 2282">
     <span class='ocr_line' id='line_1_29' title="bbox 142 2224 1211 2282; baseline 0.018 -24"><span class='ocrx_word' id='word_1_203' title='bbox 142 2224 190 2271; x_wconf 63' lang='grc' dir='ltr'>(ι’)</span> <span class='ocrx_word' id='word_1_204' title='bbox 216 2232 255 2260; x_wconf 87' lang='lat' dir='ltr'>In</span> <span class='ocrx_word' id='word_1_205' title='bbox 287 2232 337 2262; x_wconf 84' lang='lat' dir='ltr'>his</span> <span class='ocrx_word' id='word_1_206' title='bbox 362 2238 393 2262; x_wconf 84' lang='lat' dir='ltr'>et</span> <span class='ocrx_word' id='word_1_207' title='bbox 427 2246 507 2275; x_wconf 80' lang='lat' dir='ltr'>quae</span> <span class='ocrx_word' id='word_1_208' title='bbox 540 2244 719 2278; x_wconf 79' lang='lat' dir='ltr'>sequuntur</span> <span class='ocrx_word' id='word_1_209' title='bbox 745 2247 871 2272; x_wconf 75' lang='lat' dir='ltr'>secutus</span> <span class='ocrx_word' id='word_1_210' title='bbox 899 2245 1018 2282; x_wconf 74' lang='lat' dir='ltr'>partim</span> <span class='ocrx_word' id='word_1_211' title='bbox 1044 2258 1113 2277; x_wconf 86' lang='lat' dir='ltr'>sum</span> <span class='ocrx_word' id='word_1_212' title='bbox 1141 2250 1211 2279; x_wconf 74' lang='lat' dir='ltr'>ele-</span> 
     </span>
    </p>
   </div>
   <div class='ocr_carea' id='block_1_4' title="bbox 101 2285 1217 2370">
    <p class='ocr_par' dir='ltr' id='par_1_5' title="bbox 101 2285 1217 2370">
     <span class='ocr_line' id='line_1_30' title="bbox 101 2285 1217 2345; baseline 0.021 -35"><span class='ocrx_word' id='word_1_213' title='bbox 101 2288 221 2322; x_wconf 67' lang='lat' dir='ltr'>gamem</span> <span class='ocrx_word' id='word_1_214' title='bbox 250 2285 416 2317; x_wconf 82' lang='lat' dir='ltr'>Ciceronis</span> <span class='ocrx_word' id='word_1_215' title='bbox 441 2289 768 2332; x_wconf 74' lang='lat' dir='ltr'>interpretationem,</span> <span class='ocrx_word' id='word_1_216' title='bbox 810 2307 890 2335; x_wconf 79' lang='lat' dir='ltr'>quae</span> <span class='ocrx_word' id='word_1_217' title='bbox 926 2303 1027 2329; x_wconf 82' lang='lat' dir='ltr'>exstat</span> <span class='ocrx_word' id='word_1_218' title='bbox 1068 2302 1105 2330; x_wconf 78' lang='lat' dir='ltr'>de</span> <span class='ocrx_word' id='word_1_219' title='bbox 1130 2304 1217 2345; x_wconf 60' lang='lat' dir='ltr'>Res).</span> 
     </span>
     <span class='ocr_line' id='line_1_31' title="bbox 106 2336 1198 2370; baseline 0.021 -5"><span class='ocrx_word' id='word_1_220' title='bbox 106 2336 183 2368; x_wconf 79' lang='lat' dir='ltr'>Lib.</span> <span class='ocrx_word' id='word_1_221' title='bbox 206 2338 235 2368; x_wconf 83' lang='lat'>1.</span> <span class='ocrx_word' id='word_1_222' title='bbox 257 2349 284 2368; x_wconf 82' lang='lat' dir='ltr'>c.</span> <span class='ocrx_word' id='word_1_223' title='bbox 311 2339 363 2370; x_wconf 81' lang='grc'>45.</span> <span class='ocrx_word' id='word_1_224' title='bbox 1195 2350 1198 2351; x_wconf 72' lang='grc'>’</span> 
     </span>
    </p>
   </div>
  </div>
 </body>
</html>
