1492 2896
441 262 806 306 ORATIO.
1132 262 1179 308 ¹7

69 407 156 449 tum
180 400 224 444 in
250 398 329 443 hac
357 398 582 443 Academia
604 398 791 455 legentur
823 411 870 441 ac
897 393 1176 441 celebrabun-

61 485 166 531 vtur,
209 475 407 534 quamdiu
438 490 535 520 suus
566 474 694 519 literis
726 482 765 518 et
794 475 1039 519 humanitati
1068 488 1174 519 con-

67 553 195 599 stabit
218 553 379 598 honost
412 552 562 609 quodsi
591 552 774 609 ejusdem
805 552 1066 611 disciplinam
1097 567 1175 596 co-

66 629 243 689 gitantes
260 660 273 683 ,
301 630 483 679 fructus,
514 643 620 686 quos
652 629 852 688 protulit,
895 630 1173 686 exquirimus,

67 721 154 752 non
189 721 289 752 sane
326 706 447 764 longe
489 705 548 749 ini
590 705 819 763 quaerendi
860 711 967 751 sunt.
1041 707 1173 751 Ecce!

68 793 155 830 tres
185 785 258 829 hic
282 791 434 843 poetae
464 782 644 838 adsunt,
683 782 935 837 Auditores‚
963 781 1178 828 Musarum

67 860 398 920 Traiectinarum
442 859 524 904 hoc
562 860 658 919 ipso
690 860 798 905 festo
824 867 972 905 nostro
997 874 1181 920 praeco-

68 953 171 990 nes,
216 937 480 988 Sloetius‚
527 936 1003 992 Warnsinckius,
1028 938 1181 983 Dam-

69 1016 194 1059 mius
225 1014 290 1058 ab
319 1013 510 1066 Isselt,
553 1027 732 1070 quorum
775 1013 1020 1058 Sloetius
1071 1021 1182 1058 totus

67 1089 198 1135 estin
223 1087 488 1134 Simonsiana
520 1087 664 1132 schola
706 1089 987 1142 informatus,
1032 1090 1181 1148 dignus

69 1168 138 1213 ille
157 1174 274 1212 tanto
295 1173 335 1211 et
359 1166 533 1210 doctore
547 1166 774 1226 discipulus
786 1174 826 1211 et
839 1169 965 1226 poeta
982 1169 1179 1229 aemulus.

127 1243 293 1289 Dixisse
318 1243 419 1288 mihi
443 1243 543 1287 satis
567 1242 738 1297 videor,
782 1251 851 1298 ut,
888 1244 1076 1302 solemni.
1101 1244 1182 1289 hoc

71 1320 323 1367 Academiae
364 1320 456 1373 die,
497 1320 679 1366 virorum
720 1321 996 1377 instaurarem
1022 1337 1185 1366 memo-

60 1399 200 1452 riam,
231 1397 302 1455 qui
331 1397 482 1442 camin
505 1396 652 1456 primis
668 1404 884 1441 ornarunt.
916 1399 1181 1456 Quamquam

72 1474 206 1525 minus
244 1487 387 1519 eorum
419 1473 462 1518 in
503 1473 717 1519 doctrinas
760 1474 905 1518 merita
931 1476 1151 1520 aestimare
1171 1507 1182 1528 ‚

74 1550 186 1609 quod
231 1549 332 1594 mihi
351 1563 454 1595 'non
487 1550 606 1604 licet,
650 1567 775 1609 quam
807 1552 1020 1597 celebrare
1048 1552 1183 1597 ratio-

73 1642 193 1681 nem,
225 1643 308 1685 qua
332 1643 402 1672 eas
428 1629 718 1682 excoluerunt,
747 1629 790 1672 in
813 1629 995 1688 animum
1022 1629 1180 1674 induxi.

75 1705 239 1750 Paucos
273 1704 371 1749 item
413 1720 435 1749 e
477 1705 616 1749 multis
649 1706 860 1754 excitavi:
907 1721 1000 1750 nam
1038 1720 1184 1751 omnes

76 1794 405 1829 commemorare
432 1789 472 1826 et
496 1781 705 1840 judicare,
737 1783 949 1838 historici,
981 1798 1065 1827 non
1082 1798 1184 1827 ora-

75 1857 205 1911 toris,
240 1872 389 1904 munus
415 1865 488 1904 est.
552 1859 740 1907 Vidimus
767 1866 901 1903 autem
919 1892 930 1913 ,
963 1874 1012 1904 eo
1037 1860 1183 1904 laetius

77 1934 149 1978 hic
175 1940 286 1978 artes
310 1935 522 1989 floruisse,
555 1951 639 1993 quo
665 1936 798 1995 magis
827 1937 1085 1981 naturalibus
1111 1938 1184 1998 ip-

71 2025 216 2058 sarum
244 2009 413 2055 vinculis
430 2042 443 2064 ,
474 2011 697 2067 historiae,
736 2012 1029 2073 philosophiae
1058 2021 1184 2072 atque

76 2086 368 2132 humaniorum
404 2087 614 2133 literarum
643 2090 791 2136 studiis
821 2091 1184 2150 conjungerentur.

78 2164 140 2209 lta
169 2163 325 2209 scilicet
351 2179 418 2209 res
448 2179 538 2209 sese
560 2165 704 2212 habet.
753 2168 887 2212 Alieni
916 2168 969 2213 ab
1001 2169 1065 2214 his
1094 2178 1185 2214 stu·-

80 2241 158 2284 diis
185 2240 401 2295 homines,
442 2242 564 2301 periti
600 2258 689 2289 esse
715 2244 815 2289 artis
848 2261 945 2291 suae
979 2262 1055 2292 nec
1082 2248 1186 2293 civi·

83 2317 156 2364 tati
197 2325 400 2376 possunt3
447 2320 555 2364 cultu
594 2335 693 2371 vero
735 2329 774 2366 et
806 2323 1035 2370 eruditione
1065 2341 1190 2385 praea>

991 2407 1015 2447 ’λ
