1492 2896
428 283 812 329 ORATIO.
1127 277 1184 324 1⁸5

81 426 243 472 demiae
270 439 355 469 non
380 426 513 469 solum
544 425 812 469 minitabatur
839 422 1073 476 interitum,
1112 421 1188 466 sed

86 519 178 548 eum
203 503 286 560 jam
327 502 412 546 fere
462 502 716 553 adduxerat,
748 507 872 557 atque
909 499 1018 544 hanc
1054 499 1189 558 ipsam

71 580 355 628 Academiam
396 593 507 624 nunc
544 579 666 624 video
697 591 782 621 non
806 576 936 620 modo
958 582 1191 627 servatam,

84 657 160 702 sed
198 657 318 702 etiam
351 657 470 701 novis
506 655 640 713 iisque
679 653 906 714 praeclaris
957 653 1112 698 viribus
1152 660 1193 698 et

85 733 255 782 dotibus
294 740 457 778 auctam
487 739 526 778 et
563 733 803 784 florentem,
858 731 1032 775 alterum
1075 745 1193 774 suum

74 811 233 860 ⁴festum
264 810 473 855 saeculare
498 810 556 854 ita
586 809 821 855 celebrasse
839 840 851 862 ,
880 806 1063 852 maximo
1087 822 1195 866 gau-

86 887 166 933 dio,
187 895 228 932 et
258 887 395 946 studio
434 886 646 939 omnium,
704 884 854 943 quibus
895 891 957 929 est
993 899 1114 928 verus
1156 890 1197 928 et

91 963 280 1016 Patriae,
310 970 352 1008 et
376 961 644 1021 cognitionis,
663 969 704 1005 et
727 959 1039 1020 disciplinarum
1057 973 1196 1014 am0r;

89 1039 195 1083 haec·
213 1040 249 1083 si
265 1039 468 1083 recordor
489 1045 530 1082 et
552 1038 838 1097 contemplor,
855 1044 1035 1082 mentem
1062 1050 1196 1080 meam

87 1115 222 1162 sentio
259 1114 426 1168 lactari,
457 1115 643 1159 admixto
675 1122 816 1158 tamen
848 1114 958 1157 serio
989 1112 1198 1158 vicissitu-

71 1193 202 1252 *dinis
231 1193 612 1241 humanae2sensu.

149 1269 196 1316 Si
244 1270 353 1315 enim
377 1316 379 1319 ,
401 1270 457 1314 ad
503 1281 642 1315 rerum
664 1269 958 1313 &humanarum
995 1268 1200 1314 levitatem

91 1354 144 1392 et.
165 1347 312 1399 miram
348 1347 670 1396 inconstantiam
712 1346 993 1400 attendimus,
1045 1346 1083 1391 si
1133 1361 1200 1391 res

87 1423 377 1482 ¹gravissimas,
420 1424 627 1483 optimas,
671 1438 823 1481 easque
859 1423 1098 1469 utilissimas
1131 1423 1202 1467 in-

92 1501 207 1546 festis
239 1501 511 1559 nefandisque
541 1501 732 1546 manibus
761 1501 909 1546 misere
939 1515 1065 1560 saepe
1101 1515 1202 1545 cor-

93 1578 253 1637 rumpi,
285 1578 438 1631 everti,
468 1577 568 1635 quin
604 1578 726 1623 etiam
767 1578 931 1637 penitus
975 1577 1104 1622 deleri
1139 1577 1205 1621 vi-

93 1655 263 1708 demus,
294 1670 403 1712 quae
439 1670 564 1700 causa
600 1663 689 1709 est,
721 1670 796 1700 cur
829 1656 912 1700 hoc
941 1656 1204 1713 Traiectinae

80 1731 346 1783 ⁴Academiae
371 1739 411 1776 et
437 1732 570 1778 Urbis
599 1732 813 1792 ipsiusque
838 1733 1004 1777 Patriae
1031 1734 1204 1784 festum,

94 1808 339 1854 veretetiam
379 1809 675 1863 humanitatis,
725 1810 912 1855 veritatis
954 1818 1078 1868 atque
1118 1809 1207 1854 vir-

81 1884 192 1934 ,tutis
223 1884 275 1928 de
300 1885 562 1943 Tyrannide,
598 1885 663 1938 vi,
694 1886 840 1929 fraude
869 1893 993 1942 atque
1018 1885 1206 1937 inscitia,

95 1973 181 2003 non
214 1961 593 2020 splendidissimum
625 1963 786 2007 dicatur
813 1963 1068 2023 Tropaeum.

156 2037 285 2081 Recte
315 2037 440 2095 igitur
470 2038 679 2097 religionis
707 2039 883 2098 piaeque
922 2042 1070 2086 mentis
1106 2059 1207 2089 sen-

94 2128 192 2166 sus,
224 2122 447 2171 gratusque
480 2130 576 2174 erga
618 2116 753 2160 Deum
791 2104 979 2170 animus,
1029 2128 1208 2180 exopta-

99 2189 178 2242 vit,
221 2197 264 2234 ut
294 2190 439 2234 festum
472 2191 687 2237 inchoaret
726 2200 767 2237 et
796 2193 1067 2252 inauguraret
1104 2198 1207 2249 reli·

88 2265 215 2323 „giosa
227 2268 414 2319 Concio,
443 2283 549 2325 qua,
570 2272 796 2328 prae'e‘unte
825 2277 972 2315 nostro
996 2280 1209 2318 aestuma-

99 2342 257 2385 tissisno
276 2344 346 2388 Bao
358 2359 432 2387 um
445 2360 466 2388 a
485 2359 507 2387 n
524 2360 546 2388 n
560 2359 610 2397 o,
638 2345 809 2404 insignis
838 2346 1050 2393 hominum
1066 2351 1209 2395 multi-
