1492 2896
225 328 252 372 6
585 324 974 370 ORATIO.

224 459 416 521 inprimis
446 458 738 517 Heringae‚
767 456 1056 518 praeceptoris
1081 456 1348 501 aestumatis-

229 544 322 588 simi
353 543 594 588 auctoritas.
642 543 786 588 Ardeo
815 557 948 602 porro
977 541 1228 601 cupiditate,
1260 555 1346 584 non

229 635 276 672 ut
309 642 464 672 nomen
488 642 626 673 meum
656 627 884 672 illustretur
916 634 956 672 et
983 626 1242 680 celebretur,
1272 624 1349 670 sed

229 711 376 756 studiis
400 719 446 756 ut
470 719 584 757 totus
609 725 761 757 vacare
783 711 966 772 possim,
998 724 1149 768 eaque,
1178 708 1350 769 auspice

228 795 347 851 Deo,
369 796 551 855 majores
569 795 783 841 Ecclesiae
807 796 968 840 fructus
989 795 1140 840 ferant.
1173 791 1353 852 Cogita-

228 880 329 924 bam
358 879 564 936 denique‚
595 879 846 938 Trajeetinis
879 878 981 922 mihi
1011 877 1117 923 meis
1145 891 1233 922 non
1260 890 1351 921 esse

229 962 571 1017 valedicendum,
615 978 768 1021 meque
819 976 949 1022 posse
1000 962 1187 1015 discere,
1242 974 1351 1019 quae

230 1047 434 1092 nescirem
447 1064 458 1104 3
507 1047 698 1107 inprimis
720 1062 820 1092 vero
847 1046 1006 1092 divinas
1027 1047 1224 1091 intuebar
1244 1060 1352 1106 pro-

232 1131 467 1177 missiones.
515 1132 658 1177 Alacri
692 1132 821 1191 igitur
859 1133 1051 1190 laetoque
1091 1132 1231 1177 animo
1267 1131 1353 1175 ho·

233 1216 452 1260 norificam
482 1230 660 1275 capesso
684 1217 944 1276 provinciam
962 1249 975 1272 ‚
999 1231 1218 1274 meamque
1245 1215 1350 1260 fidu-

232 1301 340 1351 ciam
376 1301 420 1344 in
468 1302 629 1360 optimo
682 1316 822 1346 rerum
855 1318 1042 1347 mearum
1080 1302 1352 1347 Moderatore

231 1399 422 1444 repono,
457 1386 616 1445 quippe
647 1386 718 1443 qui
756 1401 834 1446 per
870 1401 996 1430 omne
1033 1393 1226 1445 tempus,
1266 1399 1352 1442 quo

231 1469 291 1518 illi
319 1469 442 1514 servii
470 1469 513 1513 in
544 1470 775 1529 Euangelio
800 1470 1118 1524 annunciando,
1147 1469 1353 1528 benignus

235 1554 337 1604 mihi
359 1556 515 1610 adfuit,
539 1557 738 1613 cujusque
760 1556 1014 1615 promissum
1036 1553 1162 1609 novi,
1185 1570 1230 1600 se
1249 1569 1353 1598 nun-

236 1655 363 1696 quam
408 1641 488 1684 illis
533 1641 798 1694 defuturum,
846 1639 918 1697 qui
959 1654 1052 1683 eum
1093 1646 1351 1697 exspectant.

234 1724 303 1767 Tu
332 1724 484 1782 igitur,
515 1723 630 1768 Deus
662 1724 821 1783 optime
855 1723 1058 1767 maxime!
1106 1723 1209 1767 mihi
1243 1722 1356 1767 adsis

236 1807 472 1867 propitius!
541 1808 606 1852 Tu
638 1808 830 1867 corporis
863 1807 1096 1865 mentisque
1127 1807 1235 1852 vires
1262 1822 1358 1851 sus-

234 1900 369 1939 tentes
395 1900 436 1938 et
462 1908 627 1951 augeas.
683 1893 750 1937 Tu
786 1907 852 1937 me
881 1892 925 1937 in
954 1892 1169 1959 veritatem
1202 1892 1356 1945 ducas,

236 1977 467 2034 studiisque
497 1978 599 2022 meis
628 1977 686 2021 ita
712 1978 880 2031 faveas,
906 1984 950 2020 ut
974 1977 1123 2021 futuris
1145 1976 1357 2021 Ecclesiae

235 2061 436 2106 ministris
458 2077 543 2106 non
566 2063 690 2121 plane
714 2062 869 2107 inutilis
894 2062 992 2115 sim,
1013 2069 1138 2120 atque
1161 2075 1258 2115 eos,
1283 2061 1356 2118 qui

236 2147 289 2199 ad
316 2146 426 2191 hunc
455 2162 522 2191 me
554 2147 760 2191 honorem
792 2153 1038 2200 evexerunt,
1074 2145 1355 2191 demandatae

238 2232 338 2287 mihi
366 2231 606 2291 provinciae
638 2246 852 2289 nunquam
881 2232 1116 2290 poeniteat!
