1492 2896
201 292 257 333 30
564 276 954 334 oiz'ATio.

194 434 287 470 rent
310 441 365 471 ac
387 412 707 486 propugnarent
732 440 825 468 cum
849 427 1017 470 amore!
1079 425 1192 471 Tum
1217 442 1314 473 vere

190 511 382 556 liberales
417 511 569 555 forent.
638 511 756 554 Alter
783 510 959 553 alterum
983 509 1203 565 toleraret,
1233 525 1312 556 nec

186 597 229 640 in
260 603 482 655 peccatum
519 596 704 640 duceret.
778 594 942 640 Veritas
976 595 1110 654 magis
1147 596 1312 641 eluces-

185 688 320 730 ceret,
352 695 488 738 neque
517 688 658 724 tamen
697 680 904 739 princeps
942 679 1044 723 illud
1072 678 1310 727 servatoris

183 771 457 824 praeceptum
494 765 793 823 negligeretur:
852 764 1058 822 ἀγαπᾶτε
1088 763 1305 818 ἀλλήλους.

667 921 826 930 *-

229 1013 416 1058 Audistis
460 1028 536 1058 vos
575 1015 724 1069 etiam,
756 1016 846 1060 Viri
873 1017 1144 1073 nobilissimi,
1175 1033 1304 1079 spec-

174 1099 388 1143 tatissimi!
441 1114 687 1158 germanum
733 1116 801 1146 me
837 1102 1143 1162 Philosophum
1183 1103 1302 1163 opti-

172 1198 288 1227 mum
319 1182 479 1228 habere
511 1184 791 1242 Theologum.
853 1186 918 1230 Ex
950 1201 1036 1244 quo
1067 1187 1170 1245 quid
1197 1202 1297 1233 sen-

170 1266 298 1321 tiam,
331 1275 370 1312 et
397 1283 480 1325 qua
505 1268 669 1313 ratione
695 1269 971 1328 Theologiam
992 1272 1161 1316 tradere
1186 1272 1300 1332 apud

171 1351 355 1395 animum
383 1366 519 1395 meum
552 1353 864 1406 constituerim,
896 1354 1061 1399 efficere
1082 1355 1297 1415 potuistis.

171 1435 291 1493 Quae
311 1435 346 1480 si
369 1435 488 1481 vobis
509 1437 726 1495 placeant,
747 1438 918 1483 habebo
942 1440 1159 1497 equidem,
1178 1441 1296 1500 quod

167 1521 357 1579 impense
386 1521 614 1579 gaudeam,
657 1537 736 1566 nec
764 1538 839 1567 vos
873 1524 1151 1570 demandatae
1189 1525 1294 1570 mihi

166 1605 410 1664 provinciae
440 1606 685 1664 poenitebit.
783 1607 904 1652 Hanc
941 1616 1080 1653 autem
1113 1610 1293 1668 provin-

165 1689 273 1732 ciam
300 1703 546 1748 capessens,
579 1705 664 1734 non
704 1705 877 1750 possum
910 1707 996 1737 non
1030 1708 1112 1752 pro
1146 1693 1290 1738 hono-

164 1773 280 1817 rifica
325 1774 378 1818 de
415 1789 481 1819 me
518 1776 742 1827 sententia,
791 1792 893 1819 cum
933 1777 1096 1836 optimo
1137 1785 1287 1823 nostro

163 1858 293 1916 Regi,
325 1869 423 1902 tam
443 1860 587 1913 vobis,
608 1860 697 1904 Viri
712 1860 977 1921 amplissimi!
1009 1863 1166 1921 gratias
1185 1878 1288 1922 age-

162 1959 208 1986 re
247 1959 372 2001 quam
409 1944 624 1989 maximas.
718 1945 840 1999 Scio,
871 1960 950 1991 nec
982 1946 1113 2006 pudet
1143 1947 1285 2006 palam

160 2028 376 2086 profiteri,
407 2044 474 2073 me
505 2031 628 2088 longe
665 2031 812 2076 abesse
848 2031 902 2075 ab
942 2045 1015 2085 eo,
1050 2032 1165 2089 quod
1193 2032 1283 2076 fieri

159 2113 308 2171 cupi03
370 2127 468 2156 nam
506 2114 652 2173 exigua
690 2130 791 2159 sane
833 2123 896 2160 est
935 2131 1028 2160 mea
1063 2115 1282 2161 doctrinae

158 2197 293 2256 copia.
366 2198 451 2242 Sed
477 2199 687 2257 perfectus
715 2198 959 2258 Theologus
983 2199 1086 2242 mihi
1112 2214 1282 2259 semper

160 2289 254 2329 ante
291 2282 435 2325 oculos
477 2290 688 2336 versatur,
738 2298 861 2340 quem
907 2284 1073 2328 intuens
1113 2282 1279 2328 assidue
