1492 2896
475 268 860 312 ORATIO.
1199 270 1225 313 9

114 417 199 455 tum
213 412 306 468 (aut
319 442 330 463 ‚
343 409 401 453 uti
415 417 523 453 tunc>
535 410 794 453 vocabantur
809 443 820 462 ‚
836 411 1106 455 Precatorum
1119 414 1133 471 (
1144 414 1222 470 7))

111 488 308 548 precibus
354 487 620 531 avertendam
657 488 937 544 crediderint3
980 513 1037 524 —
1087 482 1224 536 Tanta

110 564 357 609 autemfuit
386 565 534 608 horum
573 565 806 609 Doctorum
841 566 1068 621 dementia,
1100 576 1224 626 atque

109 642 278 686 fatuitas
319 634 638 700 singutaris‚'ut
679 657 726 686 ex
758 642 872 687 hisce
920 644 1077 689 insanis
1125 647 1227 691 alios

108 720 287 764 flammis
341 719 414 779 (8)
459 719 701 772 traderent,
754 719 856 763 alios
892 727 1028 764 autem
1066 723 1220 767 sanctis

110 796 432 840 adnumerarent
465 795 552 854 (9).

167 874 343 918 Renatis
378 873 507 917 literis
540 873 608 916 hic
645 881 684 917 et
723 874 805 917 illic
843 877 1028 919 nonnulli
1068 877 1223 922 Medici

108 951 250 1010 paullo
277 949 509 995 accuratius
534 950 612 993 hos
641 951 814 995 morbos
841 951 1116 1011 investigare,
1154 962 1222 999 at-

110 1041 190 1084 que
228 1027 272 1070 in
315 1027 418 1085 ipsis
449 1016 705 1070 'medicinam
746 1029 923 1086 experiri
965 1040 1220 1090 coeperunt3

108 1118 217 1161 quae
244 1106 384 1147 tamen
421 1104 488 1148 vix
518 1119 540 1146 a
567 1104 839 1163 Theosophia
874 1114 912 1150 et
938 1107 1114 1166 Magicis
1136 1110 1221 1167 fig-

107 1180 257 1225 mentis
296 1180 492 1232 libemta,
541 1179 663 1224 nimis
701 1181 838 1226 adhuc
873 1183 1021 1227 Gale-ni
1057 1187 1219 1243 placitis

105 1258 405 1316 premebatur,
450 1264 496 1300 ut
530 1272 615 1300 non
653 1257 731 1300 nisi
770 1259 1021 1316 pedetentim
1061 1264 1217 1315 excoli,

107 1341 233 1391 atque
287 1334 527 1378 innumeros
585 1349 748 1378 errores
806 1351 953 1380 exuere
1006 1340 1217 1397 potuerit3

107 1426 237 1469 quare
256 1411 379 1468 hujus
396 1411 652 1469 *disciplinae
675 1419 797 1468 atque
827 1413 1093 1459 humanitatis
1112 1433 1218 1476 pro-

107 1503 276 1547 gressus
299 1489 479 1548 primum
507 1503 593 1532 non
618 1490 790 1533 multum
819 1491 1020 1537 Maniacis
1044 1495 1214 1553 profuit.

105 1568 213 1611 Nam
255 1567 289 1610 si
319 1567 462 1610 furore
498 1573 537 1610 et
575 1567 637 1610 ira
678 1567 820 1625 agitati
854 1569 942 1613 aliis
990 1572 1217 1626 periculum

106 1642 310 1689 afferrent
335 1676 347 1698 ,
372 1644 411 1688 vi
440 1645 618 1702 repressi
645 1658 738 1688 cum
770 1646 930 1691 furibus
968 1656 1006 1691 et
1037 1651 1218 1694 scelera—

107 1723 160 1766 tis
199 1723 243 1765 in
274 1722 513 1766 carceribus
543 1722 889 1777 includebantur,
932 1726 998 1770 vix
1034 1743 1217 1785 unquam

106 1798 203 1843 inde
239 1799 439 1853 redituri3
485 1799 520 1843 si
556 1807 691 1844 autem
730 1801 848 1845 mites
888 1817 1030 1847 eorum
1080 1815 1217 1851 essent

107 1890 273 1928 mores,
305 1875 476 1934 publico
518 1877 697 1920 ludibrio
738 1880 1084 1937 exponebantur,
1114 1884 1218 1929 tris-

107 1952 267 1997 tissima
290 1952 496 1996 humanae
519 1953 709 1998 miseriae
732 1959 918 2016 exempla
939 1954 1214 2017 proferentes.

165 2030 303 2074 Tanta
346 2029 601 2074 immanitate
640 2031 822 2077 Maniaci
867 2035 1046 2080 ferarum
1083 2038 1219 2084 instar

108 2107 231 2152 etiam
274 2108 414 2151 seculo
469 2109 524 2152 17
568 2116 607 2152 et
657 2114 711 2154 18
751 2112 1033 2169 vexabantur,
1083 2117 1217 2174 quid?

107 2183 263 2228 nostris
314 2184 438 2228 etiam
485 2186 746 2245 temporibus
775 2181 917 2246 'hujus
965 2192 1218 2241 inhumanae

105 2260 232 2305 medii
283 2261 370 2306 aevi
413 2262 627 2309 barbariei
681 2264 852 2323 vestigia
895 2267 1020 2312 nimis
1053 2271 1218 2317 abunde

81 2385 82 2388 ,
106 2344 303 2397 prostant
332 2346 372 2382 et
404 2339 602 2384 diuturna
636 2350 895 2400 permanent.
